@article{RN58,
   author = {Trauer, J. M. and Ragonnet, R. and Doan, T. N. and McBryde, E. S.},
   title = {Modular programming for tuberculosis control, the "AuTuMN" platform},
   journal = {BMC Infect Dis},
   volume = {17},
   number = {1},
   pages = {546},
   ISSN = {1471-2334},
   DOI = {10.1186/s12879-017-2648-6},
   url = {https://www.ncbi.nlm.nih.gov/pubmed/28784094},
   year = {2017},
   type = {Journal Article}
}

