@article{alkaabi2021,
   author = {Al Kaabi, Nawal and Zhang, Yuntao and Xia, Shengli and Yang, Yunkai and Al Qahtani, Manaf M. and Abdulrazzaq, Najiba and Al Nusair, Majed and Hassany, Mohamed and Jawad, Jaleela S. and Abdalla, Jehad and Hussein, Salah Eldin and Al Mazrouei, Shamma K. and Al Karam, Maysoon and Li, Xinguo and Yang, Xuqin and Wang, Wei and Lai, Bonan and Chen, Wei and Huang, Shihe and Wang, Qian and Yang, Tian and Liu, Yang and Ma, Rui and Hussain, Zaidoon M. and Khan, Tehmina and Saifuddin Fasihuddin, Mohammed and You, Wangyang and Xie, Zhiqiang and Zhao, Yuxiu and Jiang, Zhiwei and Zhao, Guoqing and Zhang, Yanbo and Mahmoud, Sally and ElTantawy, Islam and Xiao, Peng and Koshy, Ashish and Zaher, Walid Abbas and Wang, Hui and Duan, Kai and Pan, An and Yang, Xiaoming},
   title = {Effect of 2 Inactivated SARS-CoV-2 Vaccines on Symptomatic COVID-19 Infection in Adults: A Randomized Clinical Trial},
   journal = {JAMA},
   volume = {326},
   number = {1},
   pages = {35-45},
   DOI = {10.1001/jama.2021.8565},
   url = {https://doi.org/10.1001/jama.2021.8565},
   year = {2021},
   type = {Journal Article}
}

@article{campbell2021,
   author = {Campbell, Finlay and Archer, Brett and Laurenson-Schafer, Henry and Jinnai, Yuka and Konings, Franck and Batra, Neale and Pavlin, Boris and Vandemaele, Katelijn and Van Kerkhove, Maria D and Jombart, Thibaut and Morgan, Oliver and le Polain de Waroux, Olivier},
   title = {Increased transmissibility and global spread of SARS-CoV-2 variants of concern as at June 2021},
   journal = {Eurosurveillance},
   volume = {26},
   number = {24},
   pages = {2100509},
   DOI = {doi:https://doi.org/10.2807/1560-7917.ES.2021.26.24.2100509},
   url = {https://www.eurosurveillance.org/content/10.2807/1560-7917.ES.2021.26.24.2100509},
   year = {2021},
   type = {Journal Article}
}

@article{charmet2021,
   author = {Charmet, Tiffany and Schaeffer, Laura and Grant, Rebecca and Galmiche, Simon and Chény, Olivia and Von Platen, Cassandre and Maurizot, Alexandra and Rogoff, Alexandra and Omar, Faïza and David, Christophe and Septfons, Alexandra and Cauchemez, Simon and Gaymard, Alexandre and Lina, Bruno and Lefrancois, Louise H. and Enouf, Vincent and van der Werf, Sylvie and Mailles, Alexandra and Levy-Bruhl, Daniel and Carrat, Fabrice and Fontanet, Arnaud},
   title = {Impact of original, B.1.1.7, and B.1.351/P.1 SARS-CoV-2 lineages on vaccine effectiveness of two doses of COVID-19 mRNA vaccines: Results from a nationwide case-control study in France},
   journal = {The Lancet Regional Health – Europe},
   volume = {8},
   DOI = {10.1016/j.lanepe.2021.100171},
   url = {https://doi.org/10.1016/j.lanepe.2021.100171},
   year = {2021},
   type = {Journal Article}
}

@article{dagan2021,
   author = {Dagan, Noa and Barda, Noam and Kepten, Eldad and Miron, Oren and Perchik, Shay and Katz, Mark A. and Hernán, Miguel A. and Lipsitch, Marc and Reis, Ben and Balicer, Ran D.},
   title = {BNT162b2 mRNA Covid-19 Vaccine in a Nationwide Mass Vaccination Setting},
   journal = {New England Journal of Medicine},
   volume = {384},
   number = {15},
   pages = {1412-1423},
   DOI = {10.1056/NEJMoa2101765},
   url = {https://doi.org/10.1056/NEJMoa2101765},
   year = {2021},
   type = {Journal Article}
}

@article{elsahly2021,
   author = {El Sahly, Hana M. and Baden, Lindsey R. and Essink, Brandon and Doblecki-Lewis, Susanne and Martin, Judith M. and Anderson, Evan J. and Campbell, Thomas B. and Clark, Jesse and Jackson, Lisa A. and Fichtenbaum, Carl J. and Zervos, Marcus and Rankin, Bruce and Eder, Frank and Feldman, Gregory and Kennelly, Christina and Han-Conrad, Laurie and Levin, Michael and Neuzil, Kathleen M. and Corey, Lawrence and Gilbert, Peter and Janes, Holly and Follmann, Dean and Marovich, Mary and Polakowski, Laura and Mascola, John R. and Ledgerwood, Julie E. and Graham, Barney S. and August, Allison and Clouting, Heather and Deng, Weiping and Han, Shu and Leav, Brett and Manzo, Deb and Pajon, Rolando and Schödel, Florian and Tomassini, Joanne E. and Zhou, Honghong and Miller, Jacqueline},
   title = {Efficacy of the mRNA-1273 SARS-CoV-2 Vaccine at Completion of Blinded Phase},
   journal = {New England Journal of Medicine},
   volume = {385},
   number = {19},
   pages = {1774-1785},
   DOI = {10.1056/NEJMoa2113017},
   url = {https://doi.org/10.1056/NEJMoa2113017},
   year = {2021},
   type = {Journal Article}
}

@article{ella2021,
   author = {Ella, Raches and Reddy, Siddarth and Blackwelder, William and Potdar, Varsha and Yadav, Pragya and Sarangi, Vamshi and Aileni, Vinay K. and Kanungo, Suman and Rai, Sanjay and Reddy, Prabhakar and Verma, Savita and Singh, Chandramani and Redkar, Sagar and Mohapatra, Satyajit and Pandey, Anil and Ranganadin, Pajanivel and Gumashta, Raghavendra and Multani, Manish and Mohammad, Shameem and Bhatt, Parul and Kumari, Laxmi and Sapkal, Gajanan and Gupta, Nivedita and Abraham, Priya and Panda, Samiran and Prasad, Sai and Bhargava, Balram and Ella, Krishna and Vadrevu, Krishna Mohan and Aggarwal, P. and Aglawe, V. and Ali, A. and Anand, N. and Awad, N. and Bafna, V. and Balasubramaniyam, G. and Bandkar, A. and Basha, P. and Bharge, V. and Bhate, A. and Bhate, S. and Bhavani, V. and Bhosale, R. and Chalapathy, D. V. and Chaubal, C. and Chaudhary, D. and Chavan, A. and Desai, P. and Dhodi, D. and Dutta, S. and Garg, R. and Garg, K. and George, M. and Goyal, P. and Guleria, R. and Gupta, S. and Jain, M. and Jain, M. K. and Jindal, S. and Kalra, M. and Kant, S. and Khosla, P. and Kulkarni, P. and Kumar, P. and Kumar, Y. and Majumdar, A. and Meshram, P. and Mishra, V. and Mohanty, S. and Nair, J. and Pandey, S. and Panigrahi, S. K. and Patil, B. and Patil, V. and Rahate, P. and Raj, V. and Ramanand, S. and Rami, K. and Ramraj, B. and Rane, S. and Rao, E. V. and Rao, N. and Raphael, R. and Reddy, G. and Redkar, V. and Redkar, S. and Sachdeva, A. and Saha, J. and Sahoo, J. and Sampath, P. and Savith, A. and Shah, M. and Shanmugam, L. and Sharma, R. and Sharma, P. and Sharma, D. and Singh, A. and Singh, J. and Singh, P. and Sivaprakasam, S. and others },
   title = {Efficacy, safety, and lot-to-lot immunogenicity of an inactivated SARS-CoV-2 vaccine (BBV152): interim results of a randomised, double-blind, controlled, phase 3 trial},
   journal = {The Lancet},
   volume = {398},
   number = {10317},
   pages = {2173-2184},
   DOI = {10.1016/S0140-6736(21)02000-6},
   url = {https://doi.org/10.1016/S0140-6736(21)02000-6},
   year = {2021},
   type = {Journal Article}
}

@techreport{phe2021,
   author = {England, Public Health},
   title = {COVID-19 vaccine surveillance report - Week 26},
   month = {1 July 2021},
   url = {https://www.gov.uk/government/publications/covid-19-vaccine-surveillance-report},
   year = {2021},
   type = {Report}
}

@article{falsey2021,
   author = {Falsey, Ann R. and Sobieszczyk, Magdalena E. and Hirsch, Ian and Sproule, Stephanie and Robb, Merlin L. and Corey, Lawrence and Neuzil, Kathleen M. and Hahn, William and Hunt, Julie and Mulligan, Mark J. and McEvoy, Charlene and DeJesus, Edwin and Hassman, Michael and Little, Susan J. and Pahud, Barbara A. and Durbin, Anna and Pickrell, Paul and Daar, Eric S. and Bush, Larry and Solis, Joel and Carr, Quito Osuna and Oyedele, Temitope and Buchbinder, Susan and Cowden, Jessica and Vargas, Sergio L. and Guerreros Benavides, Alfredo and Call, Robert and Keefer, Michael C. and Kirkpatrick, Beth D. and Pullman, John and Tong, Tina and Brewinski Isaacs, Margaret and Benkeser, David and Janes, Holly E. and Nason, Martha C. and Green, Justin A. and Kelly, Elizabeth J. and Maaske, Jill and Mueller, Nancy and Shoemaker, Kathryn and Takas, Therese and Marshall, Richard P. and Pangalos, Menelas N. and Villafana, Tonya and Gonzalez-Lopez, Antonio},
   title = {Phase 3 Safety and Efficacy of AZD1222 (ChAdOx1 nCoV-19) Covid-19 Vaccine},
   journal = {New England Journal of Medicine},
   volume = {385},
   number = {25},
   pages = {2348-2360},
   DOI = {10.1056/NEJMoa2105290},
   url = {https://doi.org/10.1056/NEJMoa2105290},
   year = {2021},
   type = {Journal Article}
}

@article{fisman2021,
   author = {Fisman, David N. and Tuite, Ashleigh R.},
   title = {Evaluation of the relative virulence of novel SARS-CoV-2 variants: a retrospective cohort study in Ontario, Canada},
   journal = {Canadian Medical Association Journal},
   volume = {193},
   number = {42},
   pages = {E1619},
   DOI = {10.1503/cmaj.211248},
   url = {http://www.cmaj.ca/content/193/42/E1619.abstract},
   year = {2021},
   type = {Journal Article}
}

@misc{gisaid2023,
   author = {GISAID},
   title = {GISAID database},
   url = {https://gisaid.org/},
   year = {2023},
   type = {Web Page}
}

@article{isaric2022,
   author = {Group, Isaric Clinical Characterisation and Baillie, J. Kenneth and Joaquin, Baruch and Abigail, Beane and Lucille, Blumberg and Fernando Augusto, Bozza and Tessa, Broadley and Aidan, Burrell and Gail, Carson and Barbara Wanjiru, Citarella and Jake, Dunning and Loubna, Elotmani and Noelia Garcia, Barrio and Jean-Christophe, Goffard and Bronner, Goncalves and Matthew, Hall and Madiha, Hashmi and Peter, Horby and Waasila, Jassat and Christiana, Kartsonaki and Bharath Kumar Tirupakuzhi, Vijayaraghavan and Pavan Kumar, Vecham and Cedric, Laouenan and Samantha, Lissauer and Ignacio, Martin-Loeches and France, Mentre and Ben, Morton and Daniel, Munblit and Nikita, A. Nekliudov and Alistair, Nichol and David, S. Y. Ong and Prasan Kumar, Panda and Miguel Pedrera, Jimenez and Michelle, Petrovic and Nagarajan, Ramakrishnan and Grazielle Viana, Ramos and Claire, Roger and Amanda, Rojek and Oana, Sandulescu and Malcolm, G. Semple and Pratima, Sharma and Sally, Shrapnel and Louise, Sigfrid and Benedict Sim Lim, Heng and Budha Charan, Singh and Emily, Somers and Anca, Streinu-Cercel and Fabio, S. Taccone and Jia, Wei and Evert-Jan, Wils and Xin Ci, Wong and Kyle, Young and Piero, L. Olliaro and Laura, Merson},
   title = {ISARIC COVID-19 Clinical Data Report issued: 27 March 2022},
   journal = {medRxiv},
   pages = {2020.07.17.20155218},
   DOI = {10.1101/2020.07.17.20155218},
   url = {http://medrxiv.org/content/early/2022/04/13/2020.07.17.20155218.abstract},
   year = {2022},
   type = {Journal Article}
}

@article{hakki2022,
   author = {Hakki, Seran and Zhou, Jie and Jonnerby, Jakob and Singanayagam, Anika and Barnett, Jack L. and Madon, Kieran J. and Koycheva, Aleksandra and Kelly, Christine and Houston, Hamish and Nevin, Sean and Fenn, Joe and Kundu, Rhia and Crone, Michael A. and Pillay, Timesh D. and Ahmad, Shazaad and Derqui-Fernandez, Nieves and Conibear, Emily and Freemont, Paul S. and Taylor, Graham P. and Ferguson, Neil and Zambon, Maria and Barclay, Wendy S. and Dunning, Jake and Lalvani, Ajit and Badhan, Anjna and Varro, Robert and Luca, Constanta and Quinn, Valerie and Cutajar, Jessica and Nichols, Niamh and Russell, Jessica and Grey, Holly and Ketkar, Anjeli and Miserocchi, Giulia and Tejpal, Chitra and Catchpole, Harriet and Nixon, Koji and Di Biase, Berenice and Hopewell, Tamara and Narean, Janakan Sam and Samuel, Jada and Timcang, Kristel and McDermott, Eimear and Bremang, Samuel and Hammett, Sarah and Evetts, Samuel and Kondratiuk, Alexandra},
   title = {Onset and window of SARS-CoV-2 infectiousness and temporal correlation with symptom onset: a prospective, longitudinal, community cohort study},
   journal = {The Lancet Respiratory Medicine},
   volume = {10},
   number = {11},
   pages = {1061-1073},
   DOI = {10.1016/S2213-2600(22)00226-0},
   url = {https://doi.org/10.1016/S2213-2600(22)00226-0},
   year = {2022},
   type = {Journal Article}
}

@article{hall2021,
   author = {Hall, Victoria Jane and Foulkes, Sarah and Saei, Ayoub and Andrews, Nick and Oguti, Blanche and Charlett, Andre and Wellington, Edgar and Stowe, Julia and Gillson, Natalie and Atti, Ana and Islam, Jasmin and Karagiannis, Ioannis and Munro, Katie and Khawam, Jameel and Chand, Meera A. and Brown, Colin S. and Ramsay, Mary and Lopez-Bernal, Jamie and Hopkins, Susan and Andrews, N. and Atti, A. and Aziz, H. and Brooks, T. and Brown, C. S. and Camero, D. and Carr, C. and Chand, M. A. and Charlett, A. and Crawford, H. and Cole, M. and Conneely, J. and D'Arcangelo, S. and Ellis, J. and Evans, S. and Foulkes, S. and Gillson, N. and Gopal, R. and Hall, L. and Hall, V. J. and Harrington, P. and Hopkins, S. and Hewson, J. and Hoschler, K. and Ironmonger, D. and Islam, J. and Kall, M. and Karagiannis, I. and Kay, O. and Khawam, J. and King, E. and Kirwan, P. and Kyffin, R. and Lackenby, A. and Lattimore, M. and Linley, E. and Lopez-Bernal, J. and Mabey, L. and McGregor, R. and Miah, S. and Monk, E. J. M. and Munro, K. and Naheed, Z. and Nissr, A. and O'Connell, A. M. and Oguti, B. and Okafor, H. and Organ, S. and Osbourne, J. and Otter, A. and Patel, M. and Platt, S. and Pople, D. and Potts, K. and Ramsay, M. and Robotham, J. and Rokadiya, S. and Rowe, C. and Saei, A. and Sebbage, G. and Semper, A. and Shrotri, M. and Simmons, R. and Soriano, A. and Staves, P. and Taylor, S. and Taylor, A. and Tengbe, A. and Tonge, S. and Vusirikala, A. and Wallace, S. and Wellington, E. and Zambon, M. and Corrigan, D. and Sartaj, M. and Cromey, L. and Campbell, S. and Braithwaite, K. and Price, L. and Haahr, L. and Stewart, S. and others },
   title = {COVID-19 vaccine coverage in health-care workers in England and effectiveness of BNT162b2 mRNA vaccine against infection (SIREN): a prospective, multicentre, cohort study},
   journal = {The Lancet},
   volume = {397},
   number = {10286},
   pages = {1725-1735},
   DOI = {10.1016/S0140-6736(21)00790-X},
   url = {https://doi.org/10.1016/S0140-6736(21)00790-X},
   year = {2021},
   type = {Journal Article}
}

@article{he2020,
   author = {He, X. and Lau, E. H. Y. and Wu, P. and Deng, X. and Wang, J. and Hao, X. and Lau, Y. C. and Wong, J. Y. and Guan, Y. and Tan, X. and Mo, X. and Chen, Y. and Liao, B. and Chen, W. and Hu, F. and Zhang, Q. and Zhong, M. and Wu, Y. and Zhao, L. and Zhang, F. and Cowling, B. J. and Li, F. and Leung, G. M.},
   title = {Temporal dynamics in viral shedding and transmissibility of COVID-19},
   journal = {Nat Med},
   volume = {26},
   number = {5},
   pages = {672-675},
   DOI = {10.1038/s41591-020-0869-5},
   url = {https://www.ncbi.nlm.nih.gov/pubmed/32296168},
   year = {2020},
   type = {Journal Article}
}

@article{jalili2022,
   author = {Jalali, Neda and Brustad, Hilde K. and Frigessi, Arnoldo and MacDonald, Emily A. and Meijerink, Hinta and Feruglio, Siri L. and Nygård, Karin M. and Rø, Gunnar and Madslien, Elisabeth H. and de Blasio, Birgitte Freiesleben},
   title = {Increased household transmission and immune escape of the SARS-CoV-2 Omicron compared to Delta variants},
   journal = {Nature Communications},
   volume = {13},
   number = {1},
   pages = {5706},
   DOI = {10.1038/s41467-022-33233-9},
   url = {https://doi.org/10.1038/s41467-022-33233-9},
   year = {2022},
   type = {Journal Article}
}

@article{lopez2021,
   author = {Jamie Lopez, Bernal and Nick, Andrews and Charlotte, Gower and Julia, Stowe and Elise, Tessier and Ruth, Simmons and Mary, Ramsay},
   title = {Effectiveness of BNT162b2 mRNA vaccine and ChAdOx1 adenovirus vector vaccine on mortality following COVID-19},
   journal = {medRxiv},
   pages = {2021.05.14.21257218},
   DOI = {10.1101/2021.05.14.21257218},
   url = {http://medrxiv.org/content/early/2021/05/18/2021.05.14.21257218.abstract},
   year = {2021},
   type = {Journal Article}
}

@article{jara2021,
   author = {Jara, Alejandro and Undurraga, Eduardo A. and González, Cecilia and Paredes, Fabio and Fontecilla, Tomás and Jara, Gonzalo and Pizarro, Alejandra and Acevedo, Johanna and Leo, Katherinne and Leon, Francisco and Sans, Carlos and Leighton, Paulina and Suárez, Pamela and García-Escorza, Heriberto and Araos, Rafael},
   title = {Effectiveness of an Inactivated SARS-CoV-2 Vaccine in Chile},
   journal = {New England Journal of Medicine},
   volume = {385},
   number = {10},
   pages = {875-884},
   DOI = {10.1056/NEJMoa2107715},
   url = {https://doi.org/10.1056/NEJMoa2107715},
   year = {2021},
   type = {Journal Article}
}

@article{khalili2020,
   author = {Khalili, Malahat and Karamouzian, Mohammad and Nasiri, Naser and Javadi, Sara and Mirzazadeh, Ali and Sharifi, Hamid},
   title = {Epidemiological characteristics of COVID-19: a systematic review and meta-analysis},
   journal = {Epidemiology and Infection},
   volume = {148},
   pages = {e130},
   DOI = {10.1017/S0950268820001430},
   url = {https://www.cambridge.org/core/article/epidemiological-characteristics-of-covid19-a-systematic-review-and-metaanalysis/8B565B2FE5A97054E8B2564FB2CE6D3E},
   year = {2020},
   type = {Journal Article}
}

@article{killingley2022,
   author = {Killingley, Ben and Mann, Alex J. and Kalinova, Mariya and Boyers, Alison and Goonawardane, Niluka and Zhou, Jie and Lindsell, Kate and Hare, Samanjit S. and Brown, Jonathan and Frise, Rebecca and Smith, Emma and Hopkins, Claire and Noulin, Nicolas and Löndt, Brandon and Wilkinson, Tom and Harden, Stephen and McShane, Helen and Baillet, Mark and Gilbert, Anthony and Jacobs, Michael and Charman, Christine and Mande, Priya and Nguyen-Van-Tam, Jonathan S. and Semple, Malcolm G. and Read, Robert C. and Ferguson, Neil M. and Openshaw, Peter J. and Rapeport, Garth and Barclay, Wendy S. and Catchpole, Andrew P. and Chiu, Christopher},
   title = {Safety, tolerability and viral kinetics during SARS-CoV-2 human challenge in young adults},
   journal = {Nature Medicine},
   volume = {28},
   number = {5},
   pages = {1031-1041},
   DOI = {10.1038/s41591-022-01780-9},
   url = {https://doi.org/10.1038/s41591-022-01780-9},
   year = {2022},
   type = {Journal Article}
}

@article{li2020,
   author = {Li, Q. and Guan, X. and Wu, P. and Wang, X. and Zhou, L. and Tong, Y. and Ren, R. and Leung, K. S. M. and Lau, E. H. Y. and Wong, J. Y. and Xing, X. and Xiang, N. and Wu, Y. and Li, C. and Chen, Q. and Li, D. and Liu, T. and Zhao, J. and Liu, M. and Tu, W. and Chen, C. and Jin, L. and Yang, R. and Wang, Q. and Zhou, S. and Wang, R. and Liu, H. and Luo, Y. and Liu, Y. and Shao, G. and Li, H. and Tao, Z. and Yang, Y. and Deng, Z. and Liu, B. and Ma, Z. and Zhang, Y. and Shi, G. and Lam, T. T. Y. and Wu, J. T. and Gao, G. F. and Cowling, B. J. and Yang, B. and Leung, G. M. and Feng, Z.},
   title = {Early Transmission Dynamics in Wuhan, China, of Novel Coronavirus-Infected Pneumonia},
   journal = {N Engl J Med},
   volume = {382},
   number = {13},
   pages = {1199-1207},
   DOI = {10.1056/NEJMoa2001316},
   url = {https://www.ncbi.nlm.nih.gov/pubmed/31995857},
   year = {2020},
   type = {Journal Article}
}

@article{lopezbernal2021,
   author = {Lopez Bernal, Jamie and Andrews, Nick and Gower, Charlotte and Gallagher, Eileen and Simmons, Ruth and Thelwall, Simon and Stowe, Julia and Tessier, Elise and Groves, Natalie and Dabrera, Gavin and Myers, Richard and Campbell, Colin N. J. and Amirthalingam, Gayatri and Edmunds, Matt and Zambon, Maria and Brown, Kevin E. and Hopkins, Susan and Chand, Meera and Ramsay, Mary},
   title = {Effectiveness of Covid-19 Vaccines against the B.1.617.2 (Delta) Variant},
   journal = {New England Journal of Medicine},
   volume = {385},
   number = {7},
   pages = {585-594},
   DOI = {10.1056/NEJMoa2108891},
   url = {https://doi.org/10.1056/NEJMoa2108891},
   year = {2021},
   type = {Journal Article}
}

@article{lyngse2022c,
   author = {Lyngse, Frederik Plesner and Mølbak, Kåre and Denwood, Matt and Christiansen, Lasse Engbo and Møller, Camilla Holten and Rasmussen, Morten and Cohen, Arieh Sierra and Stegger, Marc and Fonager, Jannik and Sieber, Raphael Niklaus and Ellegaard, Kirsten Maren and Nielsen, Claus and Kirkeby, Carsten Thure},
   title = {Effect of vaccination on household transmission of SARS-CoV-2 Delta variant of concern},
   journal = {Nature Communications},
   volume = {13},
   number = {1},
   pages = {3764},
   DOI = {10.1038/s41467-022-31494-y},
   url = {https://doi.org/10.1038/s41467-022-31494-y},
   year = {2022},
   type = {Journal Article}
}

@article{lyngse2022a,
   author = {Lyngse, Frederik Plesner and Mortensen, Laust Hvas and Denwood, Matthew J. and Christiansen, Lasse Engbo and Møller, Camilla Holten and Skov, Robert Leo and Spiess, Katja and Fomsgaard, Anders and Lassaunière, Ria and Rasmussen, Morten and Stegger, Marc and Nielsen, Claus and Sieber, Raphael Niklaus and Cohen, Arieh Sierra and Møller, Frederik Trier and Overvad, Maria and Mølbak, Kåre and Krause, Tyra Grove and Kirkeby, Carsten Thure},
   title = {Household transmission of the SARS-CoV-2 Omicron variant in Denmark},
   journal = {Nature Communications},
   volume = {13},
   number = {1},
   pages = {5573},
   DOI = {10.1038/s41467-022-33328-3},
   url = {https://doi.org/10.1038/s41467-022-33328-3},
   year = {2022},
   type = {Journal Article}
}

@article{madewell2023,
   author = {Madewell, Zachary J. and Yang, Yang and Longini, Ira M. and Halloran, M. Elizabeth and Vespignani, Alessandro and Dean, Natalie E.},
   title = {Rapid review and meta-analysis of serial intervals for SARS-CoV-2 Delta and Omicron variants},
   journal = {BMC Infectious Diseases},
   volume = {23},
   number = {1},
   pages = {429},
   DOI = {10.1186/s12879-023-08407-5},
   url = {https://doi.org/10.1186/s12879-023-08407-5},
   year = {2023},
   type = {Journal Article}
}

@article{meng2021,
   author = {Meng, Zhang and Jianpeng, Xiao and Aiping, Deng and Yingtao, Zhang and Yali, Zhuang and Ting, Hu and Jiansen, Li and Hongwei, Tu and Bosheng, Li and Yan, Zhou and Jun, Yuan and Lei, Luo and Zimian, Liang and Youzhi, Huang and Guoqiang, Ye and Mingwei, Cai and Gongli, Li and Bo, Yang and Bin, Xu and Ximing, Huang and Yazun, Cui and Dongsheng, Ren and Yanping, Zhang and Min, Kang and Yan, Li},
   title = {Transmission Dynamics of an Outbreak of the COVID-19 Delta Variant B.1.617.2 — Guangdong Province, China, May–June 2021},
   journal = {China CDC Weekly},
   volume = {3},
   number = {27},
   pages = {584-586},
   DOI = {10.46234/ccdcw2021.148},
   url = {https://weekly.chinacdc.cn//article/id/eb772589-1584-4ef9-beac-cac3ab2fbb12},
   year = {2021},
   type = {Journal Article}
}

@article{nyberg2022,
   author = {Nyberg, T. and Ferguson, N. M. and Nash, S. G. and Webster, H. H. and Flaxman, S. and Andrews, N. and Hinsley, W. and Bernal, J. L. and Kall, M. and Bhatt, S. and Blomquist, P. and Zaidi, A. and Volz, E. and Aziz, N. A. and Harman, K. and Funk, S. and Abbott, S. and Hope, R. and Charlett, A. and Chand, M. and Ghani, A. C. and Seaman, S. R. and Dabrera, G. and De Angelis, D. and Presanis, A. M. and Thelwall, S.},
   title = {Comparative analysis of the risks of hospitalisation and death associated with SARS-CoV-2 omicron (B.1.1.529) and delta (B.1.617.2) variants in England: a cohort study},
   journal = {Lancet},
   volume = {399},
   number = {10332},
   pages = {1303-1312},
   DOI = {10.1016/s0140-6736(22)00462-7},
   year = {2022},
   type = {Journal Article}
}

@article{odriscoll2021,
   author = {O'Driscoll, M. and Ribeiro Dos Santos, G. and Wang, L. and Cummings, D. A. T. and Azman, A. S. and Paireau, J. and Fontanet, A. and Cauchemez, S. and Salje, H.},
   title = {Age-specific mortality and immunity patterns of SARS-CoV-2},
   journal = {Nature},
   volume = {590},
   number = {7844},
   pages = {140-145},
   DOI = {10.1038/s41586-020-2918-0},
   url = {https://www.ncbi.nlm.nih.gov/pubmed/33137809},
   year = {2021},
   type = {Journal Article}
}

@article{perezthen2022,
   author = {Pérez-Then, Eddy and Lucas, Carolina and Monteiro, Valter Silva and Miric, Marija and Brache, Vivian and Cochon, Leila and Vogels, Chantal B. F. and Malik, Amyn A. and De la Cruz, Elena and Jorge, Aidelis and De los Santos, Margarita and Leon, Patricia and Breban, Mallery I. and Billig, Kendall and Yildirim, Inci and Pearson, Claire and Downing, Randy and Gagnon, Emily and Muyombwe, Anthony and Razeq, Jafar and Campbell, Melissa and Ko, Albert I. and Omer, Saad B. and Grubaugh, Nathan D. and Vermund, Sten H. and Iwasaki, Akiko},
   title = {Neutralizing antibodies against the SARS-CoV-2 Delta and Omicron variants following heterologous CoronaVac plus BNT162b2 booster vaccination},
   journal = {Nature Medicine},
   volume = {28},
   number = {3},
   pages = {481-485},
   DOI = {10.1038/s41591-022-01705-6},
   url = {https://doi.org/10.1038/s41591-022-01705-6},
   year = {2022},
   type = {Journal Article}
}

@article{pritchard2021,
   author = {Pritchard, Emma and Matthews, Philippa C. and Stoesser, Nicole and Eyre, David W. and Gethings, Owen and Vihta, Karina-Doris and Jones, Joel and House, Thomas and VanSteenHouse, Harper and Bell, Iain and Bell, John I. and Newton, John N. and Farrar, Jeremy and Diamond, Ian and Rourke, Emma and Studley, Ruth and Crook, Derrick and Peto, Tim E. A. and Walker, A. Sarah and Pouwels, Koen B.},
   title = {Impact of vaccination on new SARS-CoV-2 infections in the United Kingdom},
   journal = {Nature Medicine},
   volume = {27},
   number = {8},
   pages = {1370-1378},
   DOI = {10.1038/s41591-021-01410-w},
   url = {https://doi.org/10.1038/s41591-021-01410-w},
   year = {2021},
   type = {Journal Article}
}

@misc{rivm2020,
   author = {RIVM, Netherlands},
   title = {Epidemiologische situatie COVID-19 in Nederland},
   url = {https://www.rivm.nl/sites/default/files/2020-08/COVID-19_WebSite_rapport_wekelijks_20200804_1306.pdf},
   year = {2020},
   type = {Government Document}
}

@article{sah2021,
   author = {Sah, Pratha and Fitzpatrick, Meagan C. and Zimmer, Charlotte F. and Abdollahi, Elaheh and Juden-Kelly, Lyndon and Moghadas, Seyed M. and Singer, Burton H. and Galvani, Alison P.},
   title = {Asymptomatic SARS-CoV-2 infection: A systematic review and meta-analysis},
   journal = {Proceedings of the National Academy of Sciences},
   volume = {118},
   number = {34},
   pages = {e2109229118},
   DOI = {10.1073/pnas.2109229118},
   url = {http://www.pnas.org/content/118/34/e2109229118.abstract},
   year = {2021},
   type = {Journal Article}
}

@article{sheikh2021,
   author = {Sheikh, Aziz and Robertson, Chris and Taylor, Bob},
   title = {BNT162b2 and ChAdOx1 nCoV-19 Vaccine Effectiveness against Death from the Delta Variant},
   journal = {New England Journal of Medicine},
   volume = {385},
   number = {23},
   pages = {2195-2197},
   DOI = {10.1056/NEJMc2113864},
   url = {https://doi.org/10.1056/NEJMc2113864},
   year = {2021},
   type = {Journal Article}
}

@article{singanayagam2020,
   author = {Singanayagam, Anika and Patel, Monika and Charlett, Andre and Lopez Bernal, Jamie and Saliba, Vanessa and Ellis, Joanna and Ladhani, Shamez and Zambon, Maria and Gopal, Robin},
   title = {Duration of infectiousness and correlation with RT-PCR cycle threshold values in cases of COVID-19, England, January to May 2020},
   journal = {Eurosurveillance},
   volume = {25},
   number = {32},
   pages = {2001483},
   DOI = {doi:https://doi.org/10.2807/1560-7917.ES.2020.25.32.2001483},
   url = {https://www.eurosurveillance.org/content/10.2807/1560-7917.ES.2020.25.32.2001483},
   year = {2020},
   type = {Journal Article}
}

@article{stein2023,
   author = {Stein, Caroline and Nassereldine, Hasan and Sorensen, Reed J. D. and Amlag, Joanne O. and Bisignano, Catherine and Byrne, Sam and Castro, Emma and Coberly, Kaleb and Collins, James K. and Dalos, Jeremy and Daoud, Farah and Deen, Amanda and Gakidou, Emmanuela and Giles, John R. and Hulland, Erin N. and Huntley, Bethany M. and Kinzel, Kasey E. and Lozano, Rafael and Mokdad, Ali H. and Pham, Tom and Pigott, David M. and Reiner Jr, Robert C. and Vos, Theo and Hay, Simon I. and Murray, Christopher J. L. and Lim, Stephen S.},
   title = {Past SARS-CoV-2 infection protection against re-infection: a systematic review and meta-analysis},
   journal = {The Lancet},
   volume = {401},
   number = {10379},
   pages = {833-842},
   DOI = {10.1016/S0140-6736(22)02465-5},
   url = {https://doi.org/10.1016/S0140-6736(22)02465-5},
   year = {2023},
   type = {Journal Article}
}

@article{tanriover2021,
   author = {Tanriover, Mine Durusu and Doğanay, Hamdi Levent and Akova, Murat and Güner, Hatice Rahmet and Azap, Alpay and Akhan, Sıla and Köse, Şükran and Erdinç, Fatma Şebnem and Akalın, Emin Halis and Tabak, Ömer Fehmi and Pullukçu, Hüsnü and Batum, Özgür and Şimşek Yavuz, Serap and Turhan, Özge and Yıldırmak, Mustafa Taner and Köksal, İftihar and Taşova, Yeşim and Korten, Volkan and Yılmaz, Gürdal and Çelen, Mustafa Kemal and Altın, Sedat and Çelik, İlhami and Bayındır, Yaşar and Karaoğlan, İlkay and Yılmaz, Aydın and Özkul, Aykut and Gür, Hazal and Unal, Serhat and Kayaaslan, Bircan and Hasanoğlu, İmran and Dalkıran, Ayça and Aydos, Ömer and Çınar, Güle and Akdemir-Kalkan, İrem and İnkaya, Ahmet Çağkan and Aydin, Mehtap and Çakir, Hatice and Yıldız, Jale and Kocabıyık, Özenir and Arslan, Sonay and Nallı, Bayram and Demir, Ömer and Singil, Sarp and Ataman-Hatipoğlu, Çiğdem and Tuncer-Ertem, Günay and Kınıklı, Sami and Önal, Uğur and Mete, Bilgül and Dalgan, Gözde and Taşbakan, Meltem and Yamazhan, Tansu and Kömürcüoğlu, Berna and Yalnız, Enver and Benli, Aysun and Keskin-Sarıtaş, Çağla and Ertosun, Mustafa Gökhan and Özkan, Özlenen and Emre, Salih and Arıca, Seçil and Kuşçu, Ferit and Candevir, Aslıhan and Ertürk-Şengel, Buket and Ayvaz, Fadime and Aksoy, Firdevs and Mermutluoğlu, Çiğdem and Demir, Yakup and Günlüoğlu, Gülşah and Tural-Önür, Seda and Kılıç-Toker, Ayşin and Eren, Esma and Otlu, Barış and Mete, Ayşe Özlem and Koçak, Kübra and Ateş, Hale and Koca-Kalkan, İlkay and Aksu, Kurtuluş},
   title = {Efficacy and safety of an inactivated whole-virion SARS-CoV-2 vaccine (CoronaVac): interim results of a double-blind, randomised, placebo-controlled, phase 3 trial in Turkey},
   journal = {The Lancet},
   volume = {398},
   number = {10296},
   pages = {213-222},
   DOI = {10.1016/S0140-6736(21)01429-X},
   url = {https://doi.org/10.1016/S0140-6736(21)01429-X},
   year = {2021},
   type = {Journal Article}
}

@article{thomas2021,
   author = {Thomas, Stephen J. and Moreira, Edson D. and Kitchin, Nicholas and Absalon, Judith and Gurtman, Alejandra and Lockhart, Stephen and Perez, John L. and Pérez Marc, Gonzalo and Polack, Fernando P. and Zerbini, Cristiano and Bailey, Ruth and Swanson, Kena A. and Xu, Xia and Roychoudhury, Satrajit and Koury, Kenneth and Bouguermouh, Salim and Kalina, Warren V. and Cooper, David and Frenck, Robert W. and Hammitt, Laura L. and Türeci, Özlem and Nell, Haylene and Schaefer, Axel and Ünal, Serhat and Yang, Qi and Liberator, Paul and Tresnan, Dina B. and Mather, Susan and Dormitzer, Philip R. and Şahin, Uğur and Gruber, William C. and Jansen, Kathrin U.},
   title = {Safety and Efficacy of the BNT162b2 mRNA Covid-19 Vaccine through 6 Months},
   journal = {New England Journal of Medicine},
   volume = {385},
   number = {19},
   pages = {1761-1773},
   DOI = {10.1056/NEJMoa2110345},
   url = {https://doi.org/10.1056/NEJMoa2110345},
   year = {2021},
   type = {Journal Article}
}

@misc{unesco2023,
   author = {UNESCO},
   title = {UNESCO Global Monitoring of School Closures Caused by the COVID-19 Pandemic},
   url = {https://covid19.uis.unesco.org/global-monitoring-school-closures-covid19/},
   year = {2023},
   type = {Web Page}
}

@article{willett2022,
   author = {Willett, Brian J. and Grove, Joe and MacLean, Oscar A. and Wilkie, Craig and De Lorenzo, Giuditta and Furnon, Wilhelm and Cantoni, Diego and Scott, Sam and Logan, Nicola and Ashraf, Shirin and Manali, Maria and Szemiel, Agnieszka and Cowton, Vanessa and Vink, Elen and Harvey, William T. and Davis, Chris and Asamaphan, Patawee and Smollett, Katherine and Tong, Lily and Orton, Richard and Hughes, Joseph and Holland, Poppy and Silva, Vanessa and Pascall, David J. and Puxty, Kathryn and da Silva Filipe, Ana and Yebra, Gonzalo and Shaaban, Sharif and Holden, Matthew T. G. and Pinto, Rute Maria and Gunson, Rory and Templeton, Kate and Murcia, Pablo R. and Patel, Arvind H. and Klenerman, Paul and Dunachie, Susanna and Dunachie, Susanna and Klenerman, Paul and Barnes, Eleanor and Brown, Anthony and Adele, Sandra and Kronsteiner, Barbara and Murray, Sam M. and Abraham, Priyanka and Deeks, Alexandra and Ansari, M. Azim and de Silva, Thushan and Turtle, Lance and Moore, Shona and Austin, James and Richter, Alex and Duncan, Christopher and Payne, Rebecca and Ash, Amy and Koshy, Cherian and Kele, Beatrix and Cutino-Moguel, Teresa and Fairley, Derek J. and McKenna, James P. and Curran, Tanya and Adams, Helen and Fraser, Christophe and Bonsall, David and Fryer, Helen and Lythgoe, Katrina and Thomson, Laura and Golubchik, Tanya and Murray, Abigail and Singleton, Dawn and Beckwith, Shaun M. and Mantzouratou, Anna and Barrow, Magdalena and Buchan, Sarah L. and Reynolds, Nicola and Warne, Ben and Maksimovic, Joshua and Spellman, Karla and McCluggage, Kathryn and John, Michaela and Beer, Robert and Afifi, Safiah and Morgan, Sian and Mack, Andrew and Marchbank, Angela and Price, Anna and Morriss, Arthur and Bresner, Catherine and Kitchen, Christine and Merrick, Ian and Southgate, Joel and Guest, Martyn and Jones, Owen and Munn, Robert and Connor, Thomas R. and Whalley, Thomas and Workman, Trudy and Fuller, William and Patel, Amita and Patel, Bindi and Nebbia, Gaia and others },
   title = {SARS-CoV-2 Omicron is an immune escape variant with an altered cell entry pathway},
   journal = {Nature Microbiology},
   volume = {7},
   number = {8},
   pages = {1161-1179},
   DOI = {10.1038/s41564-022-01143-7},
   url = {https://doi.org/10.1038/s41564-022-01143-7},
   year = {2022},
   type = {Journal Article}
}

@article{wu2022,
   author = {Wu, Yu and Kang, Liangyu and Guo, Zirui and Liu, Jue and Liu, Min and Liang, Wannian},
   title = {Incubation Period of COVID-19 Caused by Unique SARS-CoV-2 Strains: A Systematic Review and Meta-analysis},
   journal = {JAMA Network Open},
   volume = {5},
   number = {8},
   pages = {e2228008-e2228008},
   DOI = {10.1001/jamanetworkopen.2022.28008},
   url = {https://doi.org/10.1001/jamanetworkopen.2022.28008},
   year = {2022},
   type = {Journal Article}
}

@article{zhang2020a,
   author = {Zhang, J. and Litvinova, M. and Liang, Y. and Wang, Y. and Wang, W. and Zhao, S. and Wu, Q. and Merler, S. and Viboud, C. and Vespignani, A. and Ajelli, M. and Yu, H.},
   title = {Changes in contact patterns shape the dynamics of the COVID-19 outbreak in China},
   journal = {Science},
   volume = {368},
   number = {6498},
   pages = {1481-1486},
   DOI = {10.1126/science.abb8001},
   url = {https://www.ncbi.nlm.nih.gov/pubmed/32350060},
   year = {2020},
   type = {Journal Article}
}

@article{zhang1998,
   author = {Zhang, Jun and Yu, Kai F.},
   title = {What's the Relative Risk?A Method of Correcting the Odds Ratio in Cohort Studies of Common Outcomes},
   journal = {JAMA},
   volume = {280},
   number = {19},
   pages = {1690-1691},
   DOI = {10.1001/jama.280.19.1690},
   url = {https://doi.org/10.1001/jama.280.19.1690},
   year = {1998},
   type = {Journal Article}
}

@article{mathieu2021,
   author = {Mathieu, Edouard and Ritchie, Hannah and Ortiz-Ospina, Esteban and Roser, Max and Hasell, Joe and Appel, Cameron and Giattino, Charlie and Rodés-Guirao, Lucas},
   title = {A global database of COVID-19 vaccinations},
   journal = {Nature Human Behaviour},
   volume = {5},
   number = {7},
   pages = {947-953},
   DOI = {10.1038/s41562-021-01122-8},
   url = {https://doi.org/10.1038/s41562-021-01122-8},
   year = {2021},
   type = {Journal Article}
}

@techreport{whovax2020,
   author = {World Health, Organization},
   title = {WHO SAGE roadmap for prioritizing the use of COVID-19 vaccines in the context of limited supply: an approach to inform planning and subsequent recommendations based upon epidemiologic setting and vaccine supply scenarios, 13 November 2020},
   institution = {World Health Organization},
   month = {2020},
   url = {https://iris.who.int/handle/10665/341448},
   year = {2020},
   type = {Report}
}

@article{mossong-2008,
   author = {Mossong, Joël and Hens, Niel and Jit, Mark and Beutels, Philippe and Auranen, Kari and Mikolajczyk, Rafael and Massari, Marco and Salmaso, Stefania and Tomba, Gianpaolo Scalia and Wallinga, Jacco and Heijne, Janneke and Sadkowska-Todys, Malgorzata and Rosinska, Magdalena and Edmunds, W. John},
   title = {Social Contacts and Mixing Patterns Relevant to the Spread of Infectious Diseases},
   journal = {PLOS Medicine},
   volume = {5},
   number = {3},
   pages = {e74},
   DOI = {10.1371/journal.pmed.0050074},
   url = {https://doi.org/10.1371/journal.pmed.0050074},
   year = {2008},
   type = {Journal Article}
}

@misc{conmat2024,
   title = {GitHub repository of the conmat R package to generate synthetic contact matrices},
   url = {https://github.com/idem-lab/conmat},
   type = {Web Page}
}

@misc{googlemob2023,
   author = {LLC, Google},
   title = {Google COVID-19 Community Mobility Reports},
   number = {30/11/2023},
   url = {https://www.google.com/covid19/mobility/},
   type = {Web Page}
}

@misc{summer2024,
   title = {Software packages and related resources produced by the Monash Epidemiological Modelling Unit},
   url = {https://monash-emu.github.io/},
   type = {Web Page}
}

