@article{bi2020,
   author = {Bi, Q. and Wu, Y. and Mei, S. and Ye, C. and Zou, X. and Zhang, Z. and Liu, X. and Wei, L. and Truelove, S. A. and Zhang, T. and Gao, W. and Cheng, C. and Tang, X. and Wu, X. and Sun, B. and Huang, S. and Sun, Y. and Zhang, J. and Ma, T. and Lessler, J. and Feng, T.},
   title = {Epidemiology and transmission of COVID-19 in 391 cases and 1286 of their close contacts in Shenzhen, China: a retrospective cohort study},
   journal = {Lancet Infect Dis},
   volume = {20},
   number = {8},
   pages = {911-919},
   keywords = {Adolescent
Adult
Aged
Aged, 80 and over
Basic Reproduction Number
Betacoronavirus
COVID-19
Child
Child, Preschool
China
Communicable Disease Control
Contact Tracing
Coronavirus Infections
Disease Transmission, Infectious
Female
Humans
Infant
Infant, Newborn
Male
Middle Aged
Pandemics
Pneumonia, Viral
Retrospective Studies
Risk Assessment
SARS-CoV-2
Young Adult},
   ISSN = {1474-4457},
   DOI = {10.1016/S1473-3099(20)30287-5},
   url = {https://www.ncbi.nlm.nih.gov/pubmed/32353347},
   year = {2020},
   type = {Journal Article}
}

@article{byrne2020,
   author = {Byrne, A. W. and McEvoy, D. and Collins, A. B. and Hunt, K. and Casey, M. and Barber, A. and Butler, F. and Griffin, J. and Lane, E. A. and McAloon, C. and O'Brien, K. and Wall, P. and Walsh, K. A. and More, S. J.},
   title = {Inferred duration of infectious period of SARS-CoV-2: rapid scoping review and analysis of available evidence for asymptomatic and symptomatic COVID-19 cases},
   journal = {BMJ Open},
   volume = {10},
   number = {8},
   pages = {e039856},
   keywords = {Adult
Betacoronavirus
COVID-19
Child
Communicable Diseases
Coronavirus Infections
Global Health
Hospitalization
Humans
Pandemics
Pneumonia, Viral
Polymerase Chain Reaction
SARS-CoV-2
Viral Load
epidemiology
infectious diseases
public health
virology},
   ISSN = {2044-6055},
   DOI = {10.1136/bmjopen-2020-039856},
   url = {https://www.ncbi.nlm.nih.gov/pubmed/32759252},
   year = {2020},
   type = {Journal Article}
}

@article{he2020,
   author = {He, X. and Lau, E. H. Y. and Wu, P. and Deng, X. and Wang, J. and Hao, X. and Lau, Y. C. and Wong, J. Y. and Guan, Y. and Tan, X. and Mo, X. and Chen, Y. and Liao, B. and Chen, W. and Hu, F. and Zhang, Q. and Zhong, M. and Wu, Y. and Zhao, L. and Zhang, F. and Cowling, B. J. and Li, F. and Leung, G. M.},
   title = {Temporal dynamics in viral shedding and transmissibility of COVID-19},
   journal = {Nat Med},
   volume = {26},
   number = {5},
   pages = {672-675},
   keywords = {Betacoronavirus
COVID-19
Coronavirus Infections
Humans
Pandemics
Pneumonia, Viral
SARS-CoV-2
Virus Shedding},
   ISSN = {1546-170X},
   DOI = {10.1038/s41591-020-0869-5},
   url = {https://www.ncbi.nlm.nih.gov/pubmed/32296168},
   year = {2020},
   type = {Journal Article}
}

