@article{RN16,
   author = {Baillie, J Kenneth and Beane, Abigail and Blumberg, Lucille and Bozza, Fernando and Fowler, Robert A. and Garcia Barrio, Noelia and Hashmi, Madiha and Jassat, Waasila and Laouenan, Cedric and Mentre, France and Merson, Laura and Munblit, Daniel and Murthy, Srinivas and Nekliudov, Nikita A. and Oinam, Budhacharan Singh and Panda, Prasan Kumar and Pedrera Jimenez, Miguel and Ramos, Grazielle Viana and Semple, Malcolm Gracie and Sim Lim Heng, Benedict and Wong, Xin Ci},
   title = {ISARIC Clinical Data Report 8 April 2021},
   journal = {medRxiv},
   pages = {2020.07.17.20155218},
   url = {https://www.medrxiv.org/content/10.1101/2020.07.17.20155218v8.full.pdf},
   year = {2021},
   type = {Journal Article}
}

@article{RN10,
   author = {Bi, Q. and Wu, Y. and Mei, S. and Ye, C. and Zou, X. and Zhang, Z. and Liu, X. and Wei, L. and Truelove, S. A. and Zhang, T. and Gao, W. and Cheng, C. and Tang, X. and Wu, X. and Sun, B. and Huang, S. and Sun, Y. and Zhang, J. and Ma, T. and Lessler, J. and Feng, T.},
   title = {Epidemiology and transmission of COVID-19 in 391 cases and 1286 of their close contacts in Shenzhen, China: a retrospective cohort study},
   journal = {Lancet Infect Dis},
   volume = {20},
   number = {8},
   pages = {911-919},
   ISSN = {1474-4457},
   DOI = {10.1016/S1473-3099(20)30287-5},
   url = {https://www.ncbi.nlm.nih.gov/pubmed/32353347},
   year = {2020},
   type = {Journal Article}
}

@article{RN14,
   author = {Byrne, A. W. and McEvoy, D. and Collins, A. B. and Hunt, K. and Casey, M. and Barber, A. and Butler, F. and Griffin, J. and Lane, E. A. and McAloon, C. and O'Brien, K. and Wall, P. and Walsh, K. A. and More, S. J.},
   title = {Inferred duration of infectious period of SARS-CoV-2: rapid scoping review and analysis of available evidence for asymptomatic and symptomatic COVID-19 cases},
   journal = {BMJ Open},
   volume = {10},
   number = {8},
   pages = {e039856},
   ISSN = {2044-6055},
   DOI = {10.1136/bmjopen-2020-039856},
   url = {https://www.ncbi.nlm.nih.gov/pubmed/32759252},
   year = {2020},
   type = {Journal Article}
}

@article{RN5,
   author = {Davies, N. G. and Klepac, P. and Liu, Y. and Prem, K. and Jit, M. and Eggo, R. M. and group, CMMID COVID-19 working},
   title = {Age-dependent effects in the transmission and control of COVID-19 epidemics},
   journal = {Nat Med},
   volume = {26},
   number = {8},
   pages = {1205-1211},
   ISSN = {1546-170X},
   DOI = {10.1038/s41591-020-0962-9},
   url = {https://www.ncbi.nlm.nih.gov/pubmed/32546824},
   year = {2020},
   type = {Journal Article}
}

@article{RN4,
   author = {Haario, Heikki and Saksman, Eero and Tamminen, Johanna},
   title = {An adaptive Metropolis algorithm},
   journal = {Bernoulli},
   volume = {7},
   number = {2},
   year = {2001},
   type = {Journal Article}
}

@article{RN23,
   author = {He, X. and Lau, E. H. Y. and Wu, P. and Deng, X. and Wang, J. and Hao, X. and Lau, Y. C. and Wong, J. Y. and Guan, Y. and Tan, X. and Mo, X. and Chen, Y. and Liao, B. and Chen, W. and Hu, F. and Zhang, Q. and Zhong, M. and Wu, Y. and Zhao, L. and Zhang, F. and Cowling, B. J. and Li, F. and Leung, G. M.},
   title = {Temporal dynamics in viral shedding and transmissibility of COVID-19},
   journal = {Nat Med},
   volume = {26},
   number = {5},
   pages = {672-675},
   ISSN = {1546-170X},
   DOI = {10.1038/s41591-020-0869-5},
   url = {https://www.ncbi.nlm.nih.gov/pubmed/32296168},
   year = {2020},
   type = {Journal Article}
}

@article{RN15,
   author = {International Severe Acute Respiratory and emerging Infections Consortium    and Hall   , M and Pritchard   , M and Dankwa   , E and Baillie   , K and Carson   , G and Docherty   , A and Donnelly   , C and Dunning   , J and Fraser   , C and Hardwick   , H and Harrison   , E and Holden   , K and Kennon   , K and Lee, J and Openshaw   , P and Plotkin   , D and Rojek   , A and Russell   , C and Semple   , M and Sigfrid   , L and Horby   , P and Olliaro   , P and Merson, L},
   title = {ISARIC
Clinical Data Report 8 June 2020},
   journal = {medRxiv},
   DOI = {https://doi.org/10.1101/2020.07.17.20155218},
   url = {https://www.medrxiv.org/content/10.1101/2020.07.17.20155218v1.full.pdf},
   year = {2020},
   type = {Journal Article}
}

@article{RN20,
   author = {Kissler, S. M. and Tedijanto, C. and Goldstein, E. and Grad, Y. H. and Lipsitch, M.},
   title = {Projecting the transmission dynamics of SARS-CoV-2 through the postpandemic period},
   journal = {Science},
   volume = {368},
   number = {6493},
   pages = {860-868},
   ISSN = {1095-9203},
   DOI = {10.1126/science.abb5793},
   url = {https://www.ncbi.nlm.nih.gov/pubmed/32291278},
   year = {2020},
   type = {Journal Article}
}

@article{RN12,
   author = {Lauer, S. A. and Grantz, K. H. and Bi, Q. and Jones, F. K. and Zheng, Q. and Meredith, H. R. and Azman, A. S. and Reich, N. G. and Lessler, J.},
   title = {The Incubation Period of Coronavirus Disease 2019 (COVID-19) From Publicly Reported Confirmed Cases: Estimation and Application},
   journal = {Ann Intern Med},
   volume = {172},
   number = {9},
   pages = {577-582},
   ISSN = {1539-3704},
   DOI = {10.7326/M20-0504},
   url = {https://www.ncbi.nlm.nih.gov/pubmed/32150748},
   year = {2020},
   type = {Journal Article}
}

@article{RN8,
   author = {Li, Q. and Guan, X. and Wu, P. and Wang, X. and Zhou, L. and Tong, Y. and Ren, R. and Leung, K. S. M. and Lau, E. H. Y. and Wong, J. Y. and Xing, X. and Xiang, N. and Wu, Y. and Li, C. and Chen, Q. and Li, D. and Liu, T. and Zhao, J. and Liu, M. and Tu, W. and Chen, C. and Jin, L. and Yang, R. and Wang, Q. and Zhou, S. and Wang, R. and Liu, H. and Luo, Y. and Liu, Y. and Shao, G. and Li, H. and Tao, Z. and Yang, Y. and Deng, Z. and Liu, B. and Ma, Z. and Zhang, Y. and Shi, G. and Lam, T. T. Y. and Wu, J. T. and Gao, G. F. and Cowling, B. J. and Yang, B. and Leung, G. M. and Feng, Z.},
   title = {Early Transmission Dynamics in Wuhan, China, of Novel Coronavirus-Infected Pneumonia},
   journal = {N Engl J Med},
   volume = {382},
   number = {13},
   pages = {1199-1207},
   ISSN = {1533-4406},
   DOI = {10.1056/NEJMoa2001316},
   url = {https://www.ncbi.nlm.nih.gov/pubmed/31995857},
   year = {2020},
   type = {Journal Article}
}

@article{RN13,
   author = {McAloon, C. and Collins, Á and Hunt, K. and Barber, A. and Byrne, A. W. and Butler, F. and Casey, M. and Griffin, J. and Lane, E. and McEvoy, D. and Wall, P. and Green, M. and O'Grady, L. and More, S. J.},
   title = {Incubation period of COVID-19: a rapid systematic review and meta-analysis of observational research},
   journal = {BMJ Open},
   volume = {10},
   number = {8},
   pages = {e039652},
   ISSN = {2044-6055},
   DOI = {10.1136/bmjopen-2020-039652},
   url = {https://www.ncbi.nlm.nih.gov/pubmed/32801208},
   year = {2020},
   type = {Journal Article}
}

@article{RN17,
   author = {Meehan, M. T. and Rojas, D. P. and Adekunle, A. I. and Adegboye, O. A. and Caldwell, J. M. and Turek, E. and Williams, B. M. and Marais, B. J. and Trauer, J. M. and McBryde, E. S.},
   title = {Modelling insights into the COVID-19 pandemic},
   journal = {Paediatr Respir Rev},
   volume = {35},
   pages = {64-69},
   ISSN = {1526-0550},
   DOI = {10.1016/j.prrv.2020.06.014},
   url = {https://www.ncbi.nlm.nih.gov/pubmed/32680824},
   year = {2020},
   type = {Journal Article}
}

@misc{RN9,
   url = {https://www.rivm.nl/archief-weekrapportages-covid-19-in-nederland},
   year = {2020},
   type = {Government Document}
}

@article{RN6,
   author = {O'Driscoll, M. and Ribeiro Dos Santos, G. and Wang, L. and Cummings, D. A. T. and Azman, A. S. and Paireau, J. and Fontanet, A. and Cauchemez, S. and Salje, H.},
   title = {Age-specific mortality and immunity patterns of SARS-CoV-2},
   journal = {Nature},
   volume = {590},
   number = {7844},
   pages = {140-145},
   ISSN = {1476-4687},
   DOI = {10.1038/s41586-020-2918-0},
   url = {https://www.ncbi.nlm.nih.gov/pubmed/33137809},
   year = {2021},
   type = {Journal Article}
}

@article{RN21,
   author = {Pollán, M. and Pérez-Gómez, B. and Pastor-Barriuso, R. and Oteo, J. and Pérez-Olmeda, M. and Yotti, R. and Group, ENE-COVID Study},
   title = {SARS-CoV-2 seroprevalence in Spain - Authors' reply},
   journal = {Lancet},
   volume = {396},
   number = {10261},
   pages = {1484-1485},
   ISSN = {1474-547X},
   DOI = {10.1016/S0140-6736(20)32266-2},
   url = {https://www.ncbi.nlm.nih.gov/pubmed/33160561},
   year = {2020},
   type = {Journal Article}
}

@article{RN19,
   author = {Prem, K. and Cook, A. R. and Jit, M.},
   title = {Projecting social contact matrices in 152 countries using contact surveys and demographic data},
   journal = {PLoS Comput Biol},
   volume = {13},
   number = {9},
   pages = {e1005697},
   ISSN = {1553-7358},
   DOI = {10.1371/journal.pcbi.1005697},
   url = {https://www.ncbi.nlm.nih.gov/pubmed/28898249},
   year = {2017},
   type = {Journal Article}
}

@article{RN22,
   author = {Pritchard, M. G. and Olliaro, P. L. and Group, ISARIC Clinical Characterisation},
   title = {Symptoms at presentation for patients admitted to hospital with Covid-19: results from the ISARIC prospective multinational observational study},
   journal = {medRxiv},
   DOI = {10.1101/2020.10.26.20219519},
   url = {https://www.ncbi.nlm.nih.gov/pubmed/33140062},
   year = {2020},
   type = {Journal Article}
}

@article{RN18,
   author = {Trauer, J. M. and Ragonnet, R. and Doan, T. N. and McBryde, E. S.},
   title = {Modular programming for tuberculosis control, the "AuTuMN" platform},
   journal = {BMC Infect Dis},
   volume = {17},
   number = {1},
   pages = {546},
   ISSN = {1471-2334},
   DOI = {10.1186/s12879-017-2648-6},
   url = {https://www.ncbi.nlm.nih.gov/pubmed/28784094},
   year = {2017},
   type = {Journal Article}
}

@article{RN7,
   author = {Zhang, J. and Litvinova, M. and Liang, Y. and Wang, Y. and Wang, W. and Zhao, S. and Wu, Q. and Merler, S. and Viboud, C. and Vespignani, A. and Ajelli, M. and Yu, H.},
   title = {Changes in contact patterns shape the dynamics of the COVID-19 outbreak in China},
   journal = {Science},
   volume = {368},
   number = {6498},
   pages = {1481-1486},
   ISSN = {1095-9203},
   DOI = {10.1126/science.abb8001},
   url = {https://www.ncbi.nlm.nih.gov/pubmed/32350060},
   year = {2020},
   type = {Journal Article}
}

@article{RN11,
   author = {Zhang, J. and Litvinova, M. and Wang, W. and Wang, Y. and Deng, X. and Chen, X. and Li, M. and Zheng, W. and Yi, L. and Wu, Q. and Liang, Y. and Wang, X. and Yang, J. and Sun, K. and Longini, I. M. and Halloran, M. E. and Wu, P. and Cowling, B. J. and Merler, S. and Viboud, C. and Vespignani, A. and Ajelli, M. and Yu, H.},
   title = {Evolving epidemiology and transmission dynamics of coronavirus disease 2019 outside Hubei province, China: a descriptive and modelling study},
   journal = {Lancet Infect Dis},
   volume = {20},
   number = {7},
   pages = {793-802},
   ISSN = {1474-4457},
   DOI = {10.1016/S1473-3099(20)30230-9},
   url = {https://www.ncbi.nlm.nih.gov/pubmed/32247326},
   year = {2020},
   type = {Journal Article}
}