@techreport{ukhsa-2022,
   author = {(UKHSA), UK Health Secruity Agency},
   title = {COVID-19 vaccine surveillance report: 4 August 2022 (week 31)},
   institution = {UKHSA},
   url = {https://www.gov.uk/government/publications/covid-19-vaccine-weekly-surveillance-reports},
   year = {2022},
   type = {Report}
}

@article{adekunle-2020,
   author = {Adekunle, Adeshina and Meehan, Michael and Rojas-Alvarez, Diana and Trauer, J. M. and McBryde, E. S.},
   title = {Delaying the COVID-19 epidemic in Australia: evaluating the effectiveness of international travel bans},
   journal = {Australian and New Zealand Journal of Public Health},
   volume = {44},
   number = {4},
   pages = {257-259},
   keywords = {COVID-19
basic reproduction number
mathematical modelling
travel ban},
   DOI = {10.1111/1753-6405.13016},
   url = {https://pubmed.ncbi.nlm.nih.gov/32697418/},
   year = {2020},
   type = {Journal Article}
}

@article{altarawneh-2022b,
   author = {Altarawneh, Heba N. and Chemaitelly, Hiam and Ayoub, Houssein H. and Hasan, Mohammad R. and Coyle, Peter and Yassine, Hadi M. and Al-Khatib, Hebah A. and Benslimane, Fatiha M. and Al-Kanaani, Zaina and Al-Kuwari, Einas and Jeremijenko, Andrew and Kaleeckal, Anvar Hassan and Latif, Ali Nizar and Shaik, Riyazuddin Mohammad and Abdul-Rahim, Hanan F. and Nasrallah, Gheyath K. and Al-Kuwari, Mohamed Ghaith and Butt, Adeel A. and Al-Romaihi, Hamad Eid and Al-Thani, Mohamed H. and Al-Khal, Abdullatif and Bertollini, Roberto and Tang, Patrick and Abu-Raddad, Laith J.},
   title = {Protection of SARS-CoV-2 natural infection against reinfection with the Omicron BA.4 or BA.5 subvariants},
   journal = {medRxiv},
   pages = {2022.07.11.22277448},
   DOI = {10.1101/2022.07.11.22277448},
   url = {http://medrxiv.org/content/early/2022/07/12/2022.07.11.22277448.abstract},
   year = {2022},
   type = {Journal Article}
}

@article{altarawneh-2022a,
   author = {Altarawneh, Heba N. and Chemaitelly, Hiam and Hasan, Mohammad R. and Ayoub, Houssein H. and Qassim, Suelen and AlMukdad, Sawsan and Coyle, Peter and Yassine, Hadi M. and Al-Khatib, Hebah A. and Benslimane, Fatiha M. and Al-Kanaani, Zaina and Al-Kuwari, Einas and Jeremijenko, Andrew and Kaleeckal, Anvar H. and Latif, Ali N. and Shaik, Riyazuddin M. and Abdul-Rahim, Hanan F. and Nasrallah, Gheyath K. and Al-Kuwari, Mohamed G. and Butt, Adeel A. and Al-Romaihi, Hamad E. and Al-Thani, Mohamed H. and Al-Khal, Abdullatif and Bertollini, Roberto and Tang, Patrick and Abu-Raddad, Laith J.},
   title = {Protection against the Omicron Variant from Previous SARS-CoV-2 Infection},
   journal = {New England Journal of Medicine},
   volume = {386},
   number = {13},
   pages = {1288-1290},
   ISSN = {0028-4793},
   DOI = {10.1056/NEJMc2200133},
   url = {https://doi.org/10.1056/NEJMc2200133},
   year = {2022},
   type = {Journal Article}
}

<<<<<<< HEAD
=======
@article{andeweg-2022,
   author = {Andeweg, Stijn P. and de Gier, Brechje and Eggink, Dirk and van den Ende, Caroline and van Maarseveen, Noortje and Ali, Lubna and Vlaemynck, Boris and Schepers, Raf and Hahné, Susan J. M. and Reusken, Chantal B. E. M. and de Melker, Hester E. and van den Hof, Susan and Knol, Mirjam J.},
   title = {Protection of COVID-19 vaccination and previous infection against Omicron BA.1, BA.2 and Delta SARS-CoV-2 infections},
   journal = {Nature Communications},
   volume = {13},
   number = {1},
   pages = {4738},
   ISSN = {2041-1723},
   DOI = {10.1038/s41467-022-31838-8},
   url = {https://doi.org/10.1038/s41467-022-31838-8},
   year = {2022},
   type = {Journal Article}
}

>>>>>>> master
@article{attwood-2022,
   author = {Attwood, Stephen W. and Hill, Sarah C. and Aanensen, David M. and Connor, Thomas R. and Pybus, Oliver G.},
   title = {Phylogenetic and phylodynamic approaches to understanding and combating the early SARS-CoV-2 pandemic},
   journal = {Nature reviews. Genetics},
   ISSN = {1471-0056},
   DOI = {10.1038/s41576-022-00483-8},
   url = {http://europepmc.org/abstract/MED/35459859
https://doi.org/10.1038/s41576-022-00483-8
https://europepmc.org/articles/PMC9028907
https://europepmc.org/articles/PMC9028907?pdf=render},
   year = {2022},
   type = {Journal Article}
}

@article{baele-2018,
   author = {Baele, G. and Dellicour, S. and Suchard, M. A. and Lemey, P. and Vrancken, B.},
   title = {Recent advances in computational phylodynamics},
   journal = {Curr Opin Virol},
   volume = {31},
   pages = {24-32},
   note = {1879-6265
Baele, Guy
Dellicour, Simon
Suchard, Marc A
Lemey, Philippe
Vrancken, Bram
206298/Z/17/Z/Wellcome Trust/United Kingdom
Journal Article
Research Support, Non-U.S. Gov't
Research Support, U.S. Gov't, Non-P.H.S.
Review
Netherlands
Curr Opin Virol. 2018 Aug;31:24-32. doi: 10.1016/j.coviro.2018.08.009. Epub 2018 Sep 22.},
   keywords = {Algorithms
Bayes Theorem
Computational Biology/methods/*trends
*Genome, Viral
Humans
*Phylogeny
*Software
Viruses/*genetics},
   ISSN = {1879-6257},
   DOI = {10.1016/j.coviro.2018.08.009},
   year = {2018},
   type = {Journal Article}
}

@article{bager-2022,
   author = {Bager, P. and Wohlfahrt, J. and Bhatt, S. and Stegger, M. and Legarth, R. and Møller, C. H. and Skov, R. L. and Valentiner-Branth, P. and Voldstedlund, M. and Fischer, T. K. and Simonsen, L. and Kirkby, N. S. and Thomsen, M. K. and Spiess, K. and Marving, E. and Larsen, N. B. and Lillebaek, T. and Ullum, H. and Mølbak, K. and Krause, T. G.},
   title = {Risk of hospitalisation associated with infection with SARS-CoV-2 omicron variant versus delta variant in Denmark: an observational cohort study},
   journal = {Lancet Infect Dis},
   note = {1474-4457
Bager, Peter
Wohlfahrt, Jan
Bhatt, Samir
Stegger, Marc
Legarth, Rebecca
Møller, Camilla Holten
Skov, Robert Leo
Valentiner-Branth, Palle
Voldstedlund, Marianne
Fischer, Thea K
Simonsen, Lone
Kirkby, Nikolai Søren
Thomsen, Marianne Kragh
Spiess, Katja
Marving, Ellinor
Larsen, Nicolai Balle
Lillebaek, Troels
Ullum, Henrik
Mølbak, Kåre
Krause, Tyra Grove
Omicron-Delta study group
Journal Article
Lancet Infect Dis. 2022 Apr 22:S1473-3099(22)00154-2. doi: 10.1016/S1473-3099(22)00154-2.},
   ISSN = {1473-3099 (Print)
1473-3099},
   DOI = {10.1016/s1473-3099(22)00154-2},
   year = {2022},
   type = {Journal Article}
}

@article{baillie-2021,
   author = {Baillie, J Kenneth and Beane, Abigail and Blumberg, Lucille and Bozza, Fernando and Fowler, Robert A. and Garcia Barrio, Noelia and Hashmi, Madiha and Jassat, Waasila and Laouenan, Cedric and Mentre, France and Merson, Laura and Munblit, Daniel and Murthy, Srinivas and Nekliudov, Nikita A. and Oinam, Budhacharan Singh and Panda, Prasan Kumar and Pedrera Jimenez, Miguel and Ramos, Grazielle Viana and Semple, Malcolm Gracie and Sim Lim Heng, Benedict and Wong, Xin Ci},
   title = {ISARIC Clinical Data Report 8 April 2021},
   journal = {medRxiv},
   pages = {2020.07.17.20155218},
   url = {https://www.medrxiv.org/content/10.1101/2020.07.17.20155218v8.full.pdf},
   year = {2021},
   type = {Journal Article}
}

@article{barlow-2021,
   author = {Barlow, Pepita and van Schalkwyk, May C. I. and McKee, Martin and Labonté, Ron and Stuckler, David},
   title = {COVID-19 and the collapse of global trade: building an effective public health response},
   journal = {The Lancet Planetary Health},
   volume = {5},
   number = {2},
   pages = {e102-e107},
   DOI = {10.1016/S2542-5196(20)30291-6},
   url = {www.thelancet.com/},
   year = {2021},
   type = {Journal Article}
}

@article{sills-2020,
   author = {Barton, C. Michael and Alberti, Marina and Ames, Daniel and Atkinson, Jo-An and Bales, Jerad and Burke, Edmund and Chen, Min and Diallo Saikou, Y. and Earn David, J. D. and Fath, Brian and Feng, Zhilan and Gibbons, Christopher and Hammond, Ross and Heffernan, Jane and Houser, Heather and Hovmand Peter, S. and Kopainsky, Birgit and Mabry Patricia, L. and Mair, Christina and Meier, Petra and Niles, Rebecca and Nosek, Brian and Osgood, Nathaniel and Pierce, Suzanne and Polhill, J. Gareth and Prosser, Lisa and Robinson, Erin and Rosenzweig, Cynthia and Sankaran, Shankar and Stange, Kurt and Tucker, Gregory},
   title = {Call for transparency of COVID-19 models},
   journal = {Science},
   volume = {368},
   number = {6490},
   pages = {482-483},
   DOI = {10.1126/science.abb8637},
   url = {https://doi.org/10.1126/science.abb8637},
   year = {2020},
   type = {Journal Article}
}

@article{bavli-2020,
   author = {Bavli, Itai and Sutton, Brent and Galea, Sandro},
   title = {Harms of public health interventions against covid-19 must not be ignored},
   journal = {The BMJ},
   volume = {371},
   DOI = {10.1136/bmj.m4074},
   url = {http://dx.doi.org/10.1136/bmj.m4074},
   year = {2020},
   type = {Journal Article}
}

@article{bi-2020,
   author = {Bi, Q. and Wu, Y. and Mei, S. and Ye, C. and Zou, X. and Zhang, Z. and Liu, X. and Wei, L. and Truelove, S. A. and Zhang, T. and Gao, W. and Cheng, C. and Tang, X. and Wu, X. and Sun, B. and Huang, S. and Sun, Y. and Zhang, J. and Ma, T. and Lessler, J. and Feng, T.},
   title = {Epidemiology and transmission of COVID-19 in 391 cases and 1286 of their close contacts in Shenzhen, China: a retrospective cohort study},
   journal = {Lancet Infect Dis},
   volume = {20},
   number = {8},
   pages = {911-919},
   keywords = {Adolescent
Adult
Aged
Aged, 80 and over
Basic Reproduction Number
Betacoronavirus
COVID-19
Child
Child, Preschool
China
Communicable Disease Control
Contact Tracing
Coronavirus Infections
Disease Transmission, Infectious
Female
Humans
Infant
Infant, Newborn
Male
Middle Aged
Pandemics
Pneumonia, Viral
Retrospective Studies
Risk Assessment
SARS-CoV-2
Young Adult},
   ISSN = {1474-4457},
   DOI = {10.1016/S1473-3099(20)30287-5},
   url = {https://www.ncbi.nlm.nih.gov/pubmed/32353347},
   year = {2020},
   type = {Journal Article}
}

@article{biek-2015,
   author = {Biek, Roman and Pybus, Oliver G. and Lloyd-Smith, James O. and Didelot, Xavier},
   title = {Measurably evolving pathogens in the genomic era},
   journal = {Trends in Ecology & Evolution},
   volume = {30},
   number = {6},
   pages = {306-313},
   ISSN = {0169-5347},
   DOI = {10.1016/j.tree.2015.03.009},
   url = {https://doi.org/10.1016/j.tree.2015.03.009},
   year = {2015},
   type = {Journal Article}
}

@article{biggs-2021,
   author = {Biggs, A. T. and Littlejohn, L. F.},
   title = {Revisiting the initial COVID-19 pandemic projections},
   journal = {Lancet Microbe},
   volume = {2},
   number = {3},
   pages = {e91-e92},
   note = {2666-5247
Biggs, Adam T
Littlejohn, Lanny F
Journal Article
Lancet Microbe. 2021 Mar;2(3):e91-e92. doi: 10.1016/S2666-5247(21)00029-X. Epub 2021 Mar 2.},
   keywords = {*COVID-19/epidemiology
Forecasting
Humans
Pandemics},
   ISSN = {2666-5247},
   DOI = {10.1016/s2666-5247(21)00029-x},
   year = {2021},
   type = {Journal Article}
}

@article{blakely-2021,
   author = {Blakely, Tony and Thompson, Jason and Bablani, Laxman and Andersen, Patrick and Ouakrim, Driss Ait and Carvalho, Natalie and Abraham, Patrick and Boujaoude, Marie-Anne and Katar, Ameera and Akpan, Edifofon and Wilson, Nick and Stevenson, Mark},
   title = {Determining the optimal COVID-19 policy response using agent-based modelling linked to health and cost modelling: Case study for Victoria, Australia},
   journal = {medRxiv},
   pages = {2021.01.11.21249630},
   DOI = {10.1101/2021.01.11.21249630},
   url = {http://medrxiv.org/content/early/2021/03/10/2021.01.11.21249630.abstract},
   year = {2021},
   type = {Journal Article}
}

@article{blakely-2020,
   author = {Blakely, Tony and Thompson, Jason and Carvalho, Natalie and Bablani, Laxman and Wilson, Nick and Stevenson, Mark},
   title = {The probability of the 6-week lockdown in Victoria (commencing 9 July 2020) achieving elimination of community transmission of SARS-CoV-2},
   journal = {Medical Journal of Australia},
   volume = {213},
   number = {8},
   pages = {349-351.e1},
   keywords = {COVID-19
Epidemics
Infectious diseases
Models
Respiratory tract infections
statistical},
   DOI = {10.5694/mja2.50786},
   url = {https://www.mja.com.au/journal/2020/probability-6-week-lockdown-victoria-commencing-9-july-2020-achieving-elimination},
   year = {2020},
   type = {Journal Article}
}

@article{bouckaert-2019,
   author = {Bouckaert, Remco and Vaughan, Timothy G. and Barido-Sottani, Joëlle and Duchêne, Sebastián and Fourment, Mathieu and Gavryushkina, Alexandra and Heled, Joseph and Jones, Graham and Kühnert, Denise and De Maio, Nicola and Matschiner, Michael and Mendes, Fábio K. and Müller, Nicola F. and Ogilvie, Huw A. and du Plessis, Louis and Popinga, Alex and Rambaut, Andrew and Rasmussen, David and Siveroni, Igor and Suchard, Marc A. and Wu, Chieh-Hsi and Xie, Dong and Zhang, Chi and Stadler, Tanja and Drummond, Alexei J.},
   title = {BEAST 2.5: An advanced software platform for Bayesian evolutionary analysis},
   journal = {PLOS Computational Biology},
   volume = {15},
   number = {4},
   pages = {e1006650},
   DOI = {10.1371/journal.pcbi.1006650},
   url = {https://doi.org/10.1371/journal.pcbi.1006650},
   year = {2019},
   type = {Journal Article}
}

@article{bui-2018,
   author = {Bui, L. V. and Mor, Z. and Chemtob, D. and Ha, S. T. and Levine, H.},
   title = {Use of Geographically Weighted Poisson Regression to examine the effect of distance on Tuberculosis incidence: A case study in Nam Dinh, Vietnam},
   journal = {PLoS One},
   volume = {13},
   number = {11},
   pages = {e0207068},
   note = {1932-6203
Bui, Long Viet
Orcid: 0000-0001-9997-593x
Mor, Zohar
Chemtob, Daniel
Ha, Son Thai
Orcid: 0000-0001-9938-2472
Levine, Hagai
Orcid: 0000-0002-5597-4916
Journal Article
Research Support, Non-U.S. Gov't
PLoS One. 2018 Nov 12;13(11):e0207068. doi: 10.1371/journal.pone.0207068. eCollection 2018.},
   keywords = {Adolescent
Adult
Aged
Calibration
Female
Humans
Incidence
Male
Middle Aged
Models, Statistical
Poisson Distribution
Risk Factors
*Spatial Regression
Tuberculosis/*epidemiology
Vietnam/epidemiology
Young Adult},
   ISSN = {1932-6203},
   DOI = {10.1371/journal.pone.0207068},
   year = {2018},
   type = {Journal Article}
}

@misc{buildkite-2021,
   author = {BuildKite},
   title = {How do we predict the ever-changing shape of the Covid-19 pandemic?},
   publisher = {Twitter},
   year = {2021},
   type = {Social Media}
}

@article{bundgaard-2021,
   author = {Bundgaard, Henning and Bundgaard, Johan Skov and Raaschou-Pedersen, Daniel Emil Tadeusz and von Buchwald, Christian and Todsen, Tobias and Norsk, Jakob Boesgaard and Pries-Heje, Mia M. and Vissing, Christoffer Rasmus and Nielsen, Pernille B. and Winsløw, Ulrik C. and Fogh, Kamille and Hasselbalch, Rasmus and Kristensen, Jonas H. and Ringgaard, Anna and Porsborg Andersen, Mikkel and Goecke, Nicole Bakkegård and Trebbien, Ramona and Skovgaard, Kerstin and Benfield, Thomas and Ullum, Henrik and Torp-Pedersen, Christian and Iversen, Kasper},
   title = {Effectiveness of Adding a Mask Recommendation to Other Public Health Measures to Prevent SARS-CoV-2 Infection in Danish Mask Wearers : A Randomized Controlled Trial},
   journal = {Annals of internal medicine},
   volume = {174},
   number = {3},
   pages = {335-343},
   DOI = {10.7326/M20-6817},
   url = {https://www.acpjournals.org/doi/10.7326/M20-6817},
   year = {2021},
   type = {Journal Article}
}

@article{byrne-2020,
   author = {Byrne, A. W. and McEvoy, D. and Collins, A. B. and Hunt, K. and Casey, M. and Barber, A. and Butler, F. and Griffin, J. and Lane, E. A. and McAloon, C. and O'Brien, K. and Wall, P. and Walsh, K. A. and More, S. J.},
   title = {Inferred duration of infectious period of SARS-CoV-2: rapid scoping review and analysis of available evidence for asymptomatic and symptomatic COVID-19 cases},
   journal = {BMJ Open},
   volume = {10},
   number = {8},
   pages = {e039856},
   keywords = {Adult
Betacoronavirus
COVID-19
Child
Communicable Diseases
Coronavirus Infections
Global Health
Hospitalization
Humans
Pandemics
Pneumonia, Viral
Polymerase Chain Reaction
SARS-CoV-2
Viral Load
epidemiology
infectious diseases
public health
virology},
   ISSN = {2044-6055},
   DOI = {10.1136/bmjopen-2020-039856},
   url = {https://www.ncbi.nlm.nih.gov/pubmed/32759252},
   year = {2020},
   type = {Journal Article}
}

@article{caldwell-2021-a,
   author = {Caldwell, Jamie M. and de Lara-Tuprio, Elvira and Teng, Timothy Robin and Estuar, Maria Regina Justina E. and Sarmiento, Raymond Francis R. and Abayawardana, Milinda and Leong, Robert Neil F. and Gray, Richard T. and Wood, James G. and Le, Linh-Vi and McBryde, Emma S. and Ragonnet, Romain and Trauer, James M.},
   title = {Understanding COVID-19 dynamics and the effects of interventions in the Philippines: A mathematical modelling study},
   journal = {The Lancet Regional Health – Western Pacific},
   volume = {14},
   ISSN = {2666-6065},
   DOI = {10.1016/j.lanwpc.2021.100211},
   url = {https://doi.org/10.1016/j.lanwpc.2021.100211},
   year = {2021},
   type = {Journal Article}
}

@article{caldwell-2021-b,
   author = {Caldwell, J. M. and Le, X. and McIntosh, L. and Meehan, M. T. and Ogunlade, S. and Ragonnet, R. and O'Neill, G. K. and Trauer, J. M. and McBryde, E. S.},
   title = {Vaccines and variants: Modelling insights into emerging issues in COVID-19 epidemiology},
   journal = {Paediatric Respiratory Reviews},
   volume = {39},
   pages = {32-39},
   DOI = {10.1016/j.prrv.2021.07.002},
   year = {2021},
   type = {Journal Article}
}

@article{cameron-2021,
   author = {Cameron, James and Williams, Bridget and Ragonnet, Romain and Marais, Ben and Trauer, James and Savulescu, Julian},
   title = {Ethics of selective restriction of liberty in a pandemic},
   journal = {Journal of medical ethics},
   volume = {47},
   number = {8},
   pages = {553-562},
   note = {34059520[pmid]
PMC8327318[pmcid]
medethics-2020-107104[PII]},
   keywords = {*COVID-19
*ethics
*public health ethics
Aged
Aged, 80 and over
COVID-19/*prevention & control
*Communicable Disease Control
*Ethical Theory
Female
*Freedom
Humans
Male
Middle Aged
*Pandemics/prevention & control
SARS-CoV-2
Young Adult},
   ISSN = {1473-4257
0306-6800},
   DOI = {10.1136/medethics-2020-107104},
   url = {https://pubmed.ncbi.nlm.nih.gov/34059520
https://www.ncbi.nlm.nih.gov/pmc/articles/PMC8327318/},
   year = {2021},
   type = {Journal Article}
}

@article{carlson-2020,
   author = {Carlson, Colin J. and Gomez, Ana C. R. and Bansal, Shweta and Ryan, Sadie J.},
   title = {Misconceptions about weather and seasonality must not misguide COVID-19 response},
   journal = {Nature Communications},
   volume = {11},
   number = {1},
   pages = {1-4},
   keywords = {2
CoV
Ecological epidemiology
Environmental sciences
SARS},
   DOI = {10.1038/s41467-020-18150-z},
   url = {https://doi.org/10.1038/s41467-020-18150-z},
   year = {2020},
   type = {Journal Article}
}

@article{chang-2020,
   author = {Chang, Sheryl L. and Harding, Nathan and Zachreson, Cameron and Cliff, Oliver M. and Prokopenko, Mikhail},
   title = {Modelling transmission and control of the COVID-19 pandemic in Australia},
   journal = {Nature Communications},
   volume = {11},
   number = {1},
   pages = {5710},
   ISSN = {2041-1723},
   DOI = {10.1038/s41467-020-19393-6},
   url = {https://doi.org/10.1038/s41467-020-19393-6},
   year = {2020},
   type = {Journal Article}
}

@article{chen-2021,
   author = {Chen, Yi-Ying and Assefa, Yibeltal},
   title = {The heterogeneity of the COVID-19 pandemic and national responses: an explanatory mixed-methods study},
   journal = {BMC Public Health},
   volume = {21},
   number = {1},
   pages = {835},
   ISSN = {1471-2458},
   DOI = {10.1186/s12889-021-10885-8},
   url = {https://doi.org/10.1186/s12889-021-10885-8},
   year = {2021},
   type = {Journal Article}
}

@article{cheng-2021,
   author = {Cheng, Allen C.},
   title = {The role of mathematical models in developing policies for controlling COVID-19 transmission},
   journal = {Medical Journal of Australia},
   volume = {214},
   number = {2},
   pages = {74-75},
   note = {https://doi.org/10.5694/mja2.50914},
   keywords = {COVID-19
Models
statistical},
   ISSN = {0025-729X},
   DOI = {https://doi.org/10.5694/mja2.50914},
   url = {https://doi.org/10.5694/mja2.50914},
   year = {2021},
   type = {Journal Article}
}

@article{chu-2020,
   author = {Chu, Derek K. and Akl, Elie A. and Duda, Stephanie and Solo, Karla and Yaacoub, Sally and Schünemann, Holger J. and Chu, Derek K. and Akl, Elie A. and El-harakeh, Amena and Bognanni, Antonio and Lotfi, Tamara and Loeb, Mark and Hajizadeh, Anisa and Bak, Anna and Izcovich, Ariel and Cuello-Garcia, Carlos A. and Chen, Chen and Harris, David J. and Borowiack, Ewa and Chamseddine, Fatimah and Schünemann, Finn and Morgano, Gian Paolo and Muti Schünemann, Giovanna E. U. and Chen, Guang and Zhao, Hong and Neumann, Ignacio and Chan, Jeffrey and Khabsa, Joanne and Hneiny, Layal and Harrison, Leila and Smith, Maureen and Rizk, Nesrine and Giorgi Rossi, Paolo and AbiHanna, Pierre and El-khoury, Rayane and Stalteri, Rosa and Baldeh, Tejan and Piggott, Thomas and Zhang, Yuan and Saad, Zahra and Khamis, Assem and Reinap, Marge and Duda, Stephanie and Solo, Karla and Yaacoub, Sally and Schünemann, Holger J.},
   title = {Physical distancing, face masks, and eye protection to prevent person-to-person transmission of SARS-CoV-2 and COVID-19: a systematic review and meta-analysis},
   journal = {The Lancet},
   volume = {395},
   number = {10242},
   pages = {1973-1987},
   ISSN = {0140-6736},
   DOI = {10.1016/S0140-6736(20)31142-9},
   url = {https://doi.org/10.1016/S0140-6736(20)31142-9},
   year = {2020},
   type = {Journal Article}
}

@article{coatsworth-2021,
   author = {Coatsworth, Nicholas and Myles, Paul S. and Mann, Graham J. and Cockburn, Ian A. and Forbes, Andrew B. and Gardiner, Elizabeth E. and Lum, Gary and Cheng, Allen C. and Gruen, Russell L. and the, Sars-CoV-Testing in Elective Surgery Collaborators},
   title = {Prevalence of asymptomatic SARS-CoV-2 infection in elective surgical patients in Australia: a prospective surveillance study},
   journal = {ANZ Journal of Surgery},
   volume = {91},
   number = {1-2},
   pages = {27-32},
   note = {https://doi.org/10.1111/ans.16564},
   keywords = {elective surgery
health policy
infection control
COVID 19},
   ISSN = {1445-1433},
   DOI = {https://doi.org/10.1111/ans.16564},
   url = {https://doi.org/10.1111/ans.16564},
   year = {2021},
   type = {Journal Article}
}

@article{cousins-2020,
   author = {Cousins, Sophie},
   title = {Experts criticise Australia's aged care failings over COVID-19},
   journal = {The Lancet},
   volume = {396},
   number = {10259},
   pages = {1322-1323},
   ISSN = {0140-6736},
   DOI = {10.1016/S0140-6736(20)32206-6},
   url = {https://doi.org/10.1016/S0140-6736(20)32206-6},
   year = {2020},
   type = {Journal Article}
}

@article{dale-2021,
   author = {Dale, K. D. and Abayawardana, M. J. and McBryde, E. S. and Trauer, J. M. and Carvalho, N.},
   title = {Modelling the Cost-Effectiveness of Latent Tuberculosis Screening and Treatment Strategies in Recent Migrants to a Low Incidence Setting},
   journal = {Am J Epidemiol},
   note = {Dale, Katie D
Abayawardana, Milinda J
McBryde, Emma S
Trauer, James M
Carvalho, Natalie
eng
Am J Epidemiol. 2021 May 21. pii: 6279409. doi: 10.1093/aje/kwab150.},
   keywords = {cost-benefit analysis
emigrants and immigrants
epidemiology
latent tuberculosis
tuberculosis},
   ISSN = {1476-6256 (Electronic)
0002-9262 (Linking)},
   DOI = {10.1093/aje/kwab150},
   url = {https://www.ncbi.nlm.nih.gov/pubmed/34017976
https://academic.oup.com/aje/advance-article-abstract/doi/10.1093/aje/kwab150/6279409?redirectedFrom=fulltext},
   year = {2021},
   type = {Journal Article}
}

@article{davies-2022,
   author = {Davies, Mary-Ann and Morden, Erna and Rosseau, Petro and Arendse, Juanita and Bam, Jamy-Lee and Boloko, Linda and Cloete, Keith and Cohen, Cheryl and Chetty, Nicole and Dane, Pierre and Heekes, Alexa and Hsiao, Nei-Yuan and Hunter, Mehreen and Hussey, Hannah and Jacobs, Theuns and Jassat, Waasila and Kariem, Saadiq and Kassanjee, Reshma and Laenen, Inneke and Roux, Sue Le and Lessells, Richard and Mahomed, Hassan and Maughan, Deborah and Meintjes, Graeme and Mendelson, Marc and Mnguni, Ayanda and Moodley, Melvin and Murie, Katy and Naude, Jonathan and Ntusi, Ntobeko A. B. and Paleker, Masudah and Parker, Arifa and Pienaar, David and Preiser, Wolfgang and Prozesky, Hans and Raubenheimer, Peter and Rossouw, Liezel and Schrueder, Neshaad and Smith, Barry and Smith, Mariette and Solomon, Wesley and Symons, Greg and Taljaard, Jantjie and Wasserman, Sean and Wilkinson, Robert J. and Wolmarans, Milani and Wolter, Nicole and Boulle, Andrew},
   title = {Outcomes of laboratory-confirmed SARS-CoV-2 infection during resurgence driven by Omicron lineages BA.4 and BA.5 compared with previous waves in the Western Cape Province, South Africa},
   journal = {medRxiv},
   pages = {2022.06.28.22276983},
   DOI = {10.1101/2022.06.28.22276983},
   url = {http://medrxiv.org/content/early/2022/06/28/2022.06.28.22276983.abstract},
   year = {2022},
   type = {Journal Article}
}

@article{davies-2020,
   author = {Davies, Nicholas G. and Klepac, Petra and Liu, Yang and Prem, Kiesha and Jit, Mark and Eggo, Rosalind M.},
   title = {Age-dependent effects in the transmission and control of COVID-19 epidemics},
   journal = {medRxiv},
   pages = {2020.03.24.20043018-2020.03.24.20043018},
   DOI = {10.1101/2020.03.24.20043018},
   url = {http://medrxiv.org/content/early/2020/03/27/2020.03.24.20043018.abstract},
   year = {2020},
   type = {Journal Article}
}

@article{dehning-2020,
   author = {Dehning, Jonas and Zierenberg, Johannes and Spitzner, F. Paul and Wibral, Michael and Neto, Joao Pinheiro and Wilczek, Michael and Priesemann, Viola},
   title = {Inferring change points in the spread of COVID-19 reveals the effectiveness of interventions},
   journal = {Science},
   volume = {369},
   number = {6500},
   keywords = {Bayes Theorem
COVID-19 / drug therapy
COVID-19 / epidemiology*
Coronavirus Infections / drug therapy
Coronavirus Infections / epidemiology*
Forecasting
Germany / epidemiology
Humans
Johannes Zierenberg
Jonas Dehning
MEDLINE
NCBI
NIH
NLM
National Center for Biotechnology Information
National Institutes of Health
National Library of Medicine
Non-U.S. Gov't
PMC7239331
Pandemics
Pneumonia
PubMed Abstract
Research Support
Viola Priesemann
Viral / drug therapy
Viral / epidemiology*
doi:10.1126/science.abb9789
pmid:32414780},
   DOI = {10.1126/science.abb9789},
   url = {https://pubmed.ncbi.nlm.nih.gov/32414780/},
   year = {2020},
   type = {Journal Article}
}

@misc{denim-2020,
   author = {Denim, S.},
   title = {Code Review of Ferguson’s Model},
   publisher = {Daily Sceptic },
   volume = {2021},
   number = {29th November},
   month = {10th May 2020},
   year = {2020},
   type = {Electronic Article}
}

@article{doan-2019,
   author = {Doan, T. N. and Fox, G. J. and Meehan, M. T. and Scott, N. and Ragonnet, R. and Viney, K. and Trauer, J. M. and McBryde, E. S.},
   title = {Cost-effectiveness of 3 months of weekly rifapentine and isoniazid compared with other standard treatment regimens for latent tuberculosis infection: a decision analysis study},
   number = {1460-2091 (Electronic)},
   year = {2019},
   type = {Journal Article}
}

@techreport{doherty-2021-b,
   author = {Doherty},
   title = {DOHERTY MODELLING - FINAL REPORT TO NATIONAL CABINET},
   institution = {DOHERTY MODELLING},
   month = {2021/11/05},
   url = {https://www.doherty.edu.au/uploads/content_doc/Synthesis_DohertyModelling_FinalReport__NatCab05Nov.pdf},
   year = {2021},
   type = {Report}
}

@techreport{doherty-2021-a,
   author = {Doherty},
   title = {DOHERTY MODELLING REPORT},
   month = {2021/08/10},
   url = {https://www.doherty.edu.au/uploads/content_doc/DohertyModelling_NationalPlan_and_Addendum_20210810.pdf},
   year = {2021},
   type = {Report}
}

@article{dong-2020,
   author = {Dong, Ensheng and Du, Hongru and Gardner, Lauren},
   title = {An interactive web-based dashboard to track COVID-19 in real time},
   journal = {The Lancet Infectious Diseases},
   volume = {20},
   number = {5},
   pages = {533-534},
   ISSN = {1473-3099},
   DOI = {10.1016/S1473-3099(20)30120-1},
   url = {https://doi.org/10.1016/S1473-3099(20)30120-1},
   year = {2020},
   type = {Journal Article}
}

@article{du-plessis-2015,
   author = {du Plessis, L. and Stadler, T.},
   title = {Getting to the root of epidemic spread with phylodynamic analysis of genomic data},
   journal = {Trends Microbiol},
   volume = {23},
   number = {7},
   pages = {383-6},
   note = {1878-4380
du Plessis, Louis
Stadler, Tanja
Journal Article
Research Support, Non-U.S. Gov't
England
Trends Microbiol. 2015 Jul;23(7):383-6. doi: 10.1016/j.tim.2015.04.007.},
   keywords = {Bayes Theorem
Ebolavirus/*genetics
Evolution, Molecular
*Genome, Viral
*Genomics/methods
Hemorrhagic Fever, Ebola/*epidemiology/*virology
Humans
Molecular Epidemiology
*Phylogeny
Bayesian statistics
Ebola virus disease
Mcmc
epidemiology
infectious diseases
phylogenetics},
   ISSN = {0966-842x},
   DOI = {10.1016/j.tim.2015.04.007},
   year = {2015},
   type = {Journal Article}
}

@article{duchene-2019,
   author = {Duchene, Sebastian and Bouckaert, Remco and Duchene, David A. and Stadler, Tanja and Drummond, Alexei J.},
   title = {Phylodynamic Model Adequacy Using Posterior Predictive Simulations},
   journal = {Systematic Biology},
   volume = {68},
   number = {2},
   pages = {358-364},
   ISSN = {1063-5157},
   DOI = {10.1093/sysbio/syy048},
   url = {https://doi.org/10.1093/sysbio/syy048},
   year = {2019},
   type = {Journal Article}
}

@article{duchene-2016,
   author = {Duchêne, S. and Holt, K. E. and Weill, F. X. and Le Hello, S. and Hawkey, J. and Edwards, D. J. and Fourment, M. and Holmes, E. C.},
   title = {Genome-scale rates of evolutionary change in bacteria},
   journal = {Microbial Genomics},
   volume = {2},
   number = {11},
   DOI = {https://doi.org/10.1099/mgen.0.000094},
   year = {2016},
   type = {Journal Article}
}

@article{eyawo-2021,
   author = {Eyawo, Oghenowede and Viens, A. M. and Ugoji, Uchechukwu Chidiebere},
   title = {Lockdowns and low- and middle-income countries: building a feasible, effective, and ethical COVID-19 response strategy},
   journal = {Globalization and Health},
   volume = {17},
   number = {1},
   pages = {13},
   ISSN = {1744-8603},
   DOI = {10.1186/s12992-021-00662-y},
   url = {https://doi.org/10.1186/s12992-021-00662-y},
   year = {2021},
   type = {Journal Article}
}

@article{eyre-2022,
   author = {Eyre, David W. and Taylor, Donald and Purver, Mark and Chapman, David and Fowler, Tom and Pouwels, Koen B. and Walker, A. Sarah and Peto, Tim E. A.},
   title = {Effect of Covid-19 Vaccination on Transmission of Alpha and Delta Variants},
   journal = {New England Journal of Medicine},
   volume = {386},
   number = {8},
   pages = {744-756},
   ISSN = {0028-4793},
   DOI = {10.1056/NEJMoa2116597},
   url = {https://doi.org/10.1056/NEJMoa2116597},
   year = {2022},
   type = {Journal Article}
}

@article{faria-2021,
   author = {Faria, N. R. and Mellan, T. A. and Whittaker, C. and Claro, I. M. and Candido, D. D. S. and Mishra, S. and Crispim, M. A. E. and Sales, F. C. S. and Hawryluk, I. and McCrone, J. T. and Hulswit, R. J. G. and Franco, L. A. M. and Ramundo, M. S. and de Jesus, J. G. and Andrade, P. S. and Coletti, T. M. and Ferreira, G. M. and Silva, C. A. M. and Manuli, E. R. and Pereira, R. H. M. and Peixoto, P. S. and Kraemer, M. U. G. and Gaburo, N., Jr. and Camilo, C. D. C. and Hoeltgebaum, H. and Souza, W. M. and Rocha, E. C. and de Souza, L. M. and de Pinho, M. C. and Araujo, L. J. T. and Malta, F. S. V. and de Lima, A. B. and Silva, J. D. P. and Zauli, D. A. G. and Ferreira, A. C. S. and Schnekenberg, R. P. and Laydon, D. J. and Walker, P. G. T. and Schlüter, H. M. and Dos Santos, A. L. P. and Vidal, M. S. and Del Caro, V. S. and Filho, R. M. F. and Dos Santos, H. M. and Aguiar, R. S. and Proença-Modena, J. L. and Nelson, B. and Hay, J. A. and Monod, M. and Miscouridou, X. and Coupland, H. and Sonabend, R. and Vollmer, M. and Gandy, A. and Prete, C. A., Jr. and Nascimento, V. H. and Suchard, M. A. and Bowden, T. A. and Pond, S. L. K. and Wu, C. H. and Ratmann, O. and Ferguson, N. M. and Dye, C. and Loman, N. J. and Lemey, P. and Rambaut, A. and Fraiji, N. A. and Carvalho, Mdpss and Pybus, O. G. and Flaxman, S. and Bhatt, S. and Sabino, E. C.},
   title = {Genomics and epidemiology of the P.1 SARS-CoV-2 lineage in Manaus, Brazil},
   journal = {Science},
   volume = {372},
   number = {6544},
   pages = {815-821},
   note = {1095-9203
Faria, Nuno R
Orcid: 0000-0001-8839-2798
Mellan, Thomas A
Orcid: 0000-0003-4185-9930
Whittaker, Charles
Orcid: 0000-0002-5003-2575
Claro, Ingra M
Orcid: 0000-0001-8637-2910
Candido, Darlan da S
Orcid: 0000-0002-5080-3130
Mishra, Swapnil
Orcid: 0000-0002-8759-5902
Crispim, Myuki A E
Orcid: 0000-0002-8553-8699
Sales, Flavia C S
Orcid: 0000-0002-9048-0030
Hawryluk, Iwona
Orcid: 0000-0001-6919-4366
McCrone, John T
Orcid: 0000-0002-9846-8917
Hulswit, Ruben J G
Orcid: 0000-0001-7518-5538
Franco, Lucas A M
Orcid: 0000-0002-6034-920x
Ramundo, Mariana S
Orcid: 0000-0002-0650-4985
de Jesus, Jaqueline G
Orcid: 0000-0002-5404-272x
Andrade, Pamela S
Orcid: 0000-0001-5213-7592
Coletti, Thais M
Orcid: 0000-0003-1693-7984
Ferreira, Giulia M
Orcid: 0000-0003-0444-4592
Silva, Camila A M
Orcid: 0000-0002-4298-6782
Manuli, Erika R
Orcid: 0000-0003-2376-8488
Pereira, Rafael H M
Orcid: 0000-0003-2125-7465
Peixoto, Pedro S
Orcid: 0000-0003-2358-3221
Kraemer, Moritz U G
Orcid: 0000-0001-8838-7147
Gaburo, Nelson Jr
Orcid: 0000-0003-4548-9359
Camilo, Cecilia da C
Orcid: 0000-0002-9926-0974
Hoeltgebaum, Henrique
Orcid: 0000-0001-9561-5478
Souza, William M
Orcid: 0000-0002-0025-8293
Rocha, Esmenia C
Orcid: 0000-0002-9692-0500
de Souza, Leandro M
Orcid: 0000-0001-9567-5227
de Pinho, Mariana C
Orcid: 0000-0002-2042-1959
Araujo, Leonardo J T
Orcid: 0000-0002-5427-4053
Malta, Frederico S V
Orcid: 0000-0001-9495-0987
de Lima, Aline B
Orcid: 0000-0001-6192-3587
Silva, Joice do P
Orcid: 0000-0001-9553-4328
Zauli, Danielle A G
Ferreira, Alessandro C de S
Orcid: 0000-0001-7711-1014
Schnekenberg, Ricardo P
Orcid: 0000-0002-3374-8483
Laydon, Daniel J
Orcid: 0000-0003-4270-3321
Walker, Patrick G T
Orcid: 0000-0002-9596-9628
Schlüter, Hannah M
Orcid: 0000-0002-5965-7889
Dos Santos, Ana L P
Orcid: 0000-0002-8844-1913
Vidal, Maria S
Orcid: 0000-0002-1009-6646
Del Caro, Valentina S
Orcid: 0000-0001-9400-5328
Filho, Rosinaldo M F
Dos Santos, Helem M
Aguiar, Renato S
Orcid: 0000-0001-5180-3717
Proença-Modena, José L
Orcid: 0000-0002-4996-3153
Nelson, Bruce
Orcid: 0000-0002-0488-6895
Hay, James A
Orcid: 0000-0002-1998-1844
Monod, Mélodie
Miscouridou, Xenia
Coupland, Helen
Orcid: 0000-0003-3581-1404
Sonabend, Raphael
Orcid: 0000-0001-9225-4654
Vollmer, Michaela
Orcid: 0000-0001-6970-7192
Gandy, Axel
Orcid: 0000-0002-6777-0451
Prete, Carlos A Jr
Orcid: 0000-0002-3907-423x
Nascimento, Vitor H
Orcid: 0000-0002-0543-4735
Suchard, Marc A
Orcid: 0000-0001-9818-479x
Bowden, Thomas A
Orcid: 0000-0002-8066-8785
Pond, Sergei L K
Wu, Chieh-Hsi
Orcid: 0000-0001-9386-725x
Ratmann, Oliver
Orcid: 0000-0001-8667-4118
Ferguson, Neil M
Orcid: 0000-0002-1154-8093
Dye, Christopher
Orcid: 0000-0002-2957-1793
Loman, Nick J
Orcid: 0000-0002-9843-8988
Lemey, Philippe
Orcid: 0000-0003-2826-5353
Rambaut, Andrew
Orcid: 0000-0003-4337-3707
Fraiji, Nelson A
Carvalho, Maria do P S S
Orcid: 0000-0002-3750-8110
Pybus, Oliver G
Orcid: 0000-0002-8797-2667
Flaxman, Seth
Orcid: 0000-0002-2477-4217
Bhatt, Samir
Orcid: 0000-0002-0891-4611
Sabino, Ester C
Orcid: 0000-0003-2623-5126
WT_/Wellcome Trust/United Kingdom
MR/S019510/1/MRC_/Medical Research Council/United Kingdom
U19 AI135995/AI/NIAID NIH HHS/United States
Journal Article
Research Support, N.I.H., Extramural
Research Support, Non-U.S. Gov't
Science. 2021 May 21;372(6544):815-821. doi: 10.1126/science.abh2644. Epub 2021 Apr 14.},
   keywords = {Angiotensin-Converting Enzyme 2/metabolism
Brazil/epidemiology
COVID-19/*epidemiology/*virology
Communicable Diseases, Emerging/*epidemiology/*virology
Epidemiological Monitoring
Genome, Viral
Genomics
Humans
Models, Theoretical
Molecular Epidemiology
Mutation
Protein Binding
SARS-CoV-2/*classification/*genetics/isolation & purification
Spike Glycoprotein, Coronavirus/*genetics/metabolism
Viral Load},
   ISSN = {0036-8075 (Print)
0036-8075},
   DOI = {10.1126/science.abh2644},
   year = {2021},
   type = {Journal Article}
}

@article{featherstone-2021,
   author = {Featherstone, Leo A. and Di Giallonardo, Francesca and Holmes, Edward C. and Vaughan, Timothy G. and Duchêne, Sebastián},
   title = {Infectious disease phylodynamics with occurrence data},
   journal = {Methods in Ecology and Evolution},
   volume = {12},
   number = {8},
   pages = {1498-1507},
   note = {https://doi.org/10.1111/2041-210X.13620},
   keywords = {Bayesian statistics
birth–death
coalescent
pathogens
phylodynamics},
   ISSN = {2041-210X},
   DOI = {https://doi.org/10.1111/2041-210X.13620},
   url = {https://doi.org/10.1111/2041-210X.13620},
   year = {2021},
   type = {Journal Article}
}

@article{featherstone-2022,
   author = {Featherstone, L. A. and Zhang, J. M. and Vaughan, T. G. and Duchene, S.},
   title = {Epidemiological inference from pathogen genomes: A review of phylodynamic models and applications},
   journal = {Virus Evolution},
   volume = {8},
   number = {2057-1577 (Print)},
   year = {2022},
   type = {Journal Article}
}

@article{fisman-2021,
   author = {Fisman, David N. and Tuite, Ashleigh R.},
   title = {Evaluation of the relative virulence of novel SARS-CoV-2 variants: a retrospective cohort study in Ontario, Canada},
   journal = {Canadian Medical Association Journal},
   volume = {193},
   number = {42},
   pages = {E1619},
   DOI = {10.1503/cmaj.211248},
   url = {http://www.cmaj.ca/content/193/42/E1619.abstract},
   year = {2021},
   type = {Journal Article}
}

@article{flaxman-2020,
   author = {Flaxman, Seth and Mishra, Swapnil and Gandy, Axel and Unwin, H. Juliette T. and Mellan, Thomas A. and Coupland, Helen and Whittaker, Charles and Zhu, Harrison and Berah, Tresnia and Eaton, Jeffrey W. and Monod, Mélodie and Perez-Guzman, Pablo N. and Schmit, Nora and Cilloni, Lucia and Ainslie, Kylie E. C. and Baguelin, Marc and Boonyasiri, Adhiratha and Boyd, Olivia and Cattarino, Lorenzo and Cooper, Laura V. and Cucunubá, Zulma and Cuomo-Dannenburg, Gina and Dighe, Amy and Djaafara, Bimandra and Dorigatti, Ilaria and van Elsland, Sabine L. and FitzJohn, Richard G. and Gaythorpe, Katy A. M. and Geidelberg, Lily and Grassly, Nicholas C. and Green, William D. and Hallett, Timothy and Hamlet, Arran and Hinsley, Wes and Jeffrey, Ben and Knock, Edward and Laydon, Daniel J. and Nedjati-Gilani, Gemma and Nouvellet, Pierre and Parag, Kris V. and Siveroni, Igor and Thompson, Hayley A. and Verity, Robert and Volz, Erik and Walters, Caroline E. and Wang, Haowei and Wang, Yuanrong and Watson, Oliver J. and Winskill, Peter and Xi, Xiaoyue and Walker, Patrick G. T. and Ghani, Azra C. and Donnelly, Christl A. and Riley, Steven and Vollmer, Michaela A. C. and Ferguson, Neil M. and Okell, Lucy C. and Bhatt, Samir},
   title = {Estimating the effects of non-pharmaceutical interventions on COVID-19 in Europe},
   journal = {Nature},
   volume = {584},
   number = {7820},
   pages = {257-261},
   keywords = {Basic Reproduction Number
COVID-19
Coronavirus Infections / epidemiology*
Coronavirus Infections / mortality
Coronavirus Infections / prevention & control*
Coronavirus Infections / transmission
Europe / epidemiology
Humans
MEDLINE
NCBI
NIH
NLM
National Center for Biotechnology Information
National Institutes of Health
National Library of Medicine
Non-U.S. Gov't
Pandemics / prevention & control*
Pneumonia
PubMed Abstract
Research Support
Samir Bhatt
Seth Flaxman
Swapnil Mishra
Viral / epidemiology*
Viral / mortality
Viral / prevention & control*
Viral / transmission
doi:10.1038/s41586-020-2405-7
pmid:32512579},
   DOI = {10.1038/s41586-020-2405-7},
   url = {https://pubmed.ncbi.nlm.nih.gov/32512579/},
   year = {2020},
   type = {Journal Article}
}

@article{fontal-2021,
   author = {Fontal, Alejandro and Bouma, Menno J. and San-José, Adrià and López, Leonardo and Pascual, Mercedes and Rodó, Xavier},
   title = {Climatic signatures in the different COVID-19 pandemic waves across both hemispheres},
   journal = {Nature Computational Science},
   volume = {1},
   number = {10},
   pages = {655-665},
   ISSN = {2662-8457},
   DOI = {10.1038/s43588-021-00136-6},
   url = {https://doi.org/10.1038/s43588-021-00136-6},
   year = {2021},
   type = {Journal Article}
}

@article{fox-2020,
   author = {Fox, G. J. and Trauer, J. M. and McBryde, E.},
   title = {Modelling the impact of COVID-19 on intensive care services in New South Wales},
   journal = {Med J Aust},
   volume = {212},
   number = {10},
   pages = {468-469},
   note = {1326-5377
Fox, Gregory J
Trauer, James M
McBryde, Emma
Orcid: 0000-0002-9570-9172
Letter
Med J Aust. 2020 Jun;212(10):468-469. doi: 10.5694/mja2.50606. Epub 2020 May 8.},
   keywords = {*Betacoronavirus
Covid-19
Coronavirus Infections/epidemiology/*therapy/virology
Critical Care/*organization & administration
Humans
*Models, Organizational
New South Wales/epidemiology
Pandemics
Pneumonia, Viral/epidemiology/*therapy/virology
SARS-CoV-2
*covid-19
*Infectious diseases
*Intensive care
*Models, statistical
*Public health
*Respiratory tract infections
*Virus diseases},
   ISSN = {0025-729X (Print)
0025-729x},
   DOI = {10.5694/mja2.50606},
   year = {2020},
   type = {Journal Article}
}

@article{giles-2020,
   author = {Giles, Michelle L. and Wallace, Euan M. and Alpren, Charles and Brady, Nicole and Crouch, Simon and Romanes, Finn and Sutton, Brett and Cheng, Allen},
   title = {Suppression of SARS-CoV-2 after a second wave in Victoria, Australia},
   journal = {Clinical Infectious Diseases},
   DOI = {10.1093/cid/ciaa1882},
   url = {/pmc/articles/PMC7799206/?report=abstract
https://www.ncbi.nlm.nih.gov/pmc/articles/PMC7799206/},
   year = {2020},
   type = {Journal Article}
}

@article{golding-2021,
   author = {Golding, Nick and Price, David J. and Ryan, Gerard E. and McVernon, Jodie and McCaw, James M. and Shearer, Freya M.},
   title = {Estimating the transmissibility of SARS-CoV-2 during periods of high, low and zero case incidence},
   journal = {medRxiv},
   pages = {2021.11.28.21264509},
   DOI = {10.1101/2021.11.28.21264509},
   url = {http://medrxiv.org/content/early/2021/11/29/2021.11.28.21264509.abstract},
   year = {2021},
   type = {Journal Article}
}

@article{graham-2020,
   author = {Graham Barney, S.},
   title = {Rapid COVID-19 vaccine development},
   journal = {Science},
   volume = {368},
   number = {6494},
   pages = {945-946},
   DOI = {10.1126/science.abb8923},
   url = {https://doi.org/10.1126/science.abb8923},
   year = {2020},
   type = {Journal Article}
}

@article{haario-2001,
   author = {Haario, Heikki and Saksman, Eero and Tamminen, Johanna},
   title = {An adaptive Metropolis algorithm},
   journal = {Bernoulli},
   volume = {7},
   number = {2},
   year = {2001},
   type = {Journal Article}
}

@article{han-2020,
   author = {Han, Emeline and Tan, Melisa Mei Jin and Turk, Eva and Sridhar, Devi and Leung, Gabriel M. and Shibuya, Kenji and Asgari, Nima and Oh, Juhwan and García-Basteiro, Alberto L. and Hanefeld, Johanna and Cook, Alex R. and Hsu, Li Yang and Teo, Yik Ying and Heymann, David and Clark, Helen and McKee, Martin and Legido-Quigley, Helena},
   title = {Lessons learnt from easing COVID-19 restrictions: an analysis of countries and regions in Asia Pacific and Europe},
   journal = {The Lancet},
   volume = {396},
   number = {10261},
   pages = {1525-1534},
   ISSN = {0140-6736},
   DOI = {10.1016/S0140-6736(20)32007-9},
   url = {https://doi.org/10.1016/S0140-6736(20)32007-9},
   year = {2020},
   type = {Journal Article}
}

@article{harris-2021,
   author = {Harris, Ross J. and Hall, Jennifer A. and Zaidi, Asad and Andrews, Nick J. and Dunbar, J. Kevin and Dabrera, Gavin},
   title = {Effect of Vaccination on Household Transmission of SARS-CoV-2 in England},
   journal = {New England Journal of Medicine},
   volume = {385},
   number = {8},
   pages = {759-760},
   ISSN = {0028-4793},
   DOI = {10.1056/NEJMc2107717},
   url = {https://doi.org/10.1056/NEJMc2107717},
   year = {2021},
   type = {Journal Article}
}

@article{he-2020,
   author = {He, X. and Lau, E. H. Y. and Wu, P. and Deng, X. and Wang, J. and Hao, X. and Lau, Y. C. and Wong, J. Y. and Guan, Y. and Tan, X. and Mo, X. and Chen, Y. and Liao, B. and Chen, W. and Hu, F. and Zhang, Q. and Zhong, M. and Wu, Y. and Zhao, L. and Zhang, F. and Cowling, B. J. and Li, F. and Leung, G. M.},
   title = {Temporal dynamics in viral shedding and transmissibility of COVID-19},
   journal = {Nat Med},
   volume = {26},
   number = {5},
   pages = {672-675},
   keywords = {Betacoronavirus
COVID-19
Coronavirus Infections
Humans
Pandemics
Pneumonia, Viral
SARS-CoV-2
Virus Shedding},
   ISSN = {1546-170X},
   DOI = {10.1038/s41591-020-0869-5},
   url = {https://www.ncbi.nlm.nih.gov/pubmed/32296168},
   year = {2020},
   type = {Journal Article}
}

@article{ho-2020,
   author = {Ho Simon, Y. W. and Duchêne, Sebastián},
   title = {Dating the emergence of human pathogens},
   journal = {Science},
   volume = {368},
   number = {6497},
   pages = {1310-1311},
   DOI = {10.1126/science.abc5746},
   url = {https://doi.org/10.1126/science.abc5746},
   year = {2020},
   type = {Journal Article}
}

@misc{hodcroft-2021,
   author = {Hodcroft, Emma B.},
   title = {CoVariants: SARS-CoV-2 Mutations and Variants of Interest},
   volume = {2022},
   number = {10 May},
   url = {https://covariants.org/},
   year = {2021},
   type = {Web Page}
}

@article{holmdahl-2020,
   author = {Holmdahl, Inga and Buckee, Caroline},
   title = {Wrong but Useful — What Covid-19 Epidemiologic Models Can and Cannot Tell Us},
   journal = {New England Journal of Medicine},
   volume = {383},
   number = {4},
   pages = {303-305},
   ISSN = {0028-4793},
   DOI = {10.1056/NEJMp2016822},
   url = {https://doi.org/10.1056/NEJMp2016822},
   year = {2020},
   type = {Journal Article}
}

@article{huang-2021,
   author = {Huang, Chaolin and Huang, Lixue and Wang, Yeming and Li, Xia and Ren, Lili and Gu, Xiaoying and Kang, Liang and Guo, Li and Liu, Min and Zhou, Xing and Luo, Jianfeng and Huang, Zhenghui and Tu, Shengjin and Zhao, Yue and Chen, Li and Xu, Decui and Li, Yanping and Li, Caihong and Peng, Lu and Li, Yong and Xie, Wuxiang and Cui, Dan and Shang, Lianhan and Fan, Guohui and Xu, Jiuyang and Wang, Geng and Wang, Ying and Zhong, Jingchuan and Wang, Chen and Wang, Jianwei and Zhang, Dingyu and Cao, Bin},
   title = {6-month consequences of COVID-19 in patients discharged from hospital: a cohort study},
   journal = {The Lancet},
   volume = {397},
   number = {10270},
   pages = {220-232},
   DOI = {10.1016/S0140-6736(20)32656-8},
   url = {https://covid19.who.int/},
   year = {2021},
   type = {Journal Article}
}

@article{hui-2021,
   author = {Hui, Ben B. and Brown, Damien and Chisholm, Rebecca H. and Geard, Nicholas and McVernon, Jodie and Regan, David G.},
   title = {Modelling testing and response strategies for COVID-19 outbreaks in remote Australian Aboriginal communities},
   journal = {BMC Infectious Diseases},
   volume = {21},
   number = {1},
   pages = {929},
   ISSN = {1471-2334},
   DOI = {10.1186/s12879-021-06607-5},
   url = {https://doi.org/10.1186/s12879-021-06607-5},
   year = {2021},
   type = {Journal Article}
}

@article{hunter-zinck-2021,
   author = {Hunter-Zinck, Haley and de Siqueira, Alexandre Fioravante and Vásquez, Váleri N. and Barnes, Richard and Martinez, Ciera C.},
   title = {Ten simple rules on writing clean and reliable open-source scientific software},
   journal = {PLOS Computational Biology},
   volume = {17},
   number = {11},
   pages = {e1009481},
   DOI = {10.1371/journal.pcbi.1009481},
   url = {https://doi.org/10.1371/journal.pcbi.1009481},
   year = {2021},
   type = {Journal Article}
}

@article{hussey-2022,
   author = {Hussey, H. and Davies, M. A. and Heekes, A. and Williamson, C. and Valley-Omar, Z. and Hardie, D. and Korsman, S. and Doolabh, D. and Preiser, W. and Maponga, T. and Iranzadeh, A. and Wasserman, S. and Boloko, L. and Symons, G. and Raubenheimer, P. and Parker, A. and Schrueder, N. and Solomon, W. and Rousseau, P. and Wolter, N. and Jassat, W. and Cohen, C. and Lessells, R. and Wilkinson, R. J. and Boulle, A. and Hsiao, N. Y.},
   title = {Assessing the clinical severity of the Omicron variant in the Western Cape Province, South Africa, using the diagnostic PCR proxy marker of RdRp target delay to distinguish between Omicron and Delta infections - a survival analysis},
   journal = {Int J Infect Dis},
   volume = {118},
   pages = {150-154},
   note = {1878-3511
Hussey, Hannah
Davies, Mary-Ann
Heekes, Alexa
Williamson, Carolyn
Valley-Omar, Ziyaad
Hardie, Diana
Korsman, Stephen
Doolabh, Deelan
Preiser, Wolfgang
Maponga, Tongai
Iranzadeh, Arash
Wasserman, Sean
Boloko, Linda
Symons, Greg
Raubenheimer, Peter
Parker, Arifa
Schrueder, Neshaad
Solomon, Wesley
Rousseau, Petro
Wolter, Nicole
Jassat, Waasila
Cohen, Cheryl
Lessells, Richard
Wilkinson, Robert J
Boulle, Andrew
Hsiao, Nei-Yuan
WT_/Wellcome Trust/United Kingdom
K43 TW011421/TW/FIC NIH HHS/United States
R01 HD080465/HD/NICHD NIH HHS/United States
U01 AI069924/AI/NIAID NIH HHS/United States
Journal Article
Int J Infect Dis. 2022 May;118:150-154. doi: 10.1016/j.ijid.2022.02.051. Epub 2022 Feb 27.},
   keywords = {Omicron variant
RdRp target delay
SARS-CoV-2
South Africa
clinical severity},
   ISSN = {1201-9712 (Print)
1201-9712},
   DOI = {10.1016/j.ijid.2022.02.051},
   year = {2022},
   type = {Journal Article}
}

@article{ingle-2021-a,
   author = {Ingle, Danielle J. and Ambrose, Rebecca L. and Baines, Sarah L. and Duchene, Sebastian and Gonçalves da Silva, Anders and Lee, Darren Y. J. and Jones, Miriam and Valcanis, Mary and Taiaroa, George and Ballard, Susan A. and Kirk, Martyn D. and Howden, Benjamin P. and Pearson, Jaclyn S. and Williamson, Deborah A.},
   title = {Evolutionary dynamics of multidrug resistant Salmonella enterica serovar 4,[5],12:i:- in Australia},
   journal = {Nature Communications},
   volume = {12},
   number = {1},
   pages = {4786},
   ISSN = {2041-1723},
   DOI = {10.1038/s41467-021-25073-w},
   url = {https://doi.org/10.1038/s41467-021-25073-w},
   year = {2021},
   type = {Journal Article}
}

@article{ingle-2021-b,
   author = {Ingle, Danielle J. and Howden, Benjamin P. and Duchene, Sebastian},
   title = {Development of Phylodynamic Methods for Bacterial Pathogens},
   journal = {Trends in Microbiology},
   volume = {29},
   number = {9},
   pages = {788-797},
   keywords = {phylodynamics
bacteria
pathogens},
   ISSN = {0966-842X},
   DOI = {https://doi.org/10.1016/j.tim.2021.02.008},
   url = {https://www.sciencedirect.com/science/article/pii/S0966842X21000445},
   year = {2021},
   type = {Journal Article}
}

@article{hall-2020,
   author = {International Severe Acute Respiratory and emerging Infections Consortium    and Hall   , M and Pritchard   , M and Dankwa   , E and Baillie   , K and Carson   , G and Docherty   , A and Donnelly   , C and Dunning   , J and Fraser   , C and Hardwick   , H and Harrison   , E and Holden   , K and Kennon   , K and Lee, J and Openshaw   , P and Plotkin   , D and Rojek   , A and Russell   , C and Semple   , M and Sigfrid   , L and Horby   , P and Olliaro   , P and Merson, L},
   title = {ISARIC
Clinical Data Report 8 June 2020},
   journal = {medRxiv},
   DOI = {https://doi.org/10.1101/2020.07.17.20155218},
   url = {https://www.medrxiv.org/content/10.1101/2020.07.17.20155218v1.full.pdf},
   year = {2020},
   type = {Journal Article}
}

@article{jalali-2020,
   author = {Jalali, Mohammad S. and DiGennaro, Catherine and Sridhar, Devi},
   title = {Transparency assessment of COVID-19 models},
   journal = {The Lancet Global Health},
   volume = {8},
   number = {12},
   pages = {e1459-e1460},
   ISSN = {2214-109X},
   DOI = {10.1016/S2214-109X(20)30447-2},
   url = {https://doi.org/10.1016/S2214-109X(20)30447-2},
   year = {2020},
   type = {Journal Article}
}

@article{james-2021,
   author = {James, L. P. and Salomon, J. A. and Buckee, C. O. and Menzies, N. A.},
   title = {The Use and Misuse of Mathematical Modeling for Infectious Disease Policymaking: Lessons for the COVID-19 Pandemic},
   journal = {Med Decis Making},
   volume = {41},
   number = {4},
   pages = {379-385},
   note = {1552-681x
James, Lyndon P
Orcid: 0000-0002-8933-2188
Salomon, Joshua A
Buckee, Caroline O
Menzies, Nicolas A
R01 AI146555/AI/NIAID NIH HHS/United States
Journal Article
Research Support, N.I.H., Extramural
Med Decis Making. 2021 May;41(4):379-385. doi: 10.1177/0272989X21990391. Epub 2021 Feb 3.},
   keywords = {*COVID-19/prevention & control/transmission
Communicable Disease Control
*Communicable Diseases/transmission
Decision Making
Forecasting
Humans
*Models, Theoretical
*Pandemics
*Policy
*Policy Making
*Public Health
SARS-CoV-2
Uncertainty
*covid-19
*infectious diseases
*mathematical modeling
*uncertainty
*validation
research, authorship, and/or publication of this article.},
   ISSN = {0272-989X (Print)
0272-989x},
   DOI = {10.1177/0272989x21990391},
   year = {2021},
   type = {Journal Article}
}

@article{jarvis-2020,
   author = {Jarvis, Christopher I. and Van Zandvoort, Kevin and Gimma, Amy and Prem, Kiesha and Auzenbergs, Megan and O'Reilly, Kathleen and Medley, Graham and Emery, Jon C. and Houben, Rein M. G. J. and Davies, Nicholas and Nightingale, Emily S. and Flasche, Stefan and Jombart, Thibaut and Hellewell, Joel and Abbott, Sam and Munday, James D. and Bosse, Nikos I. and Funk, Sebastian and Sun, Fiona and Endo, Akira and Rosello, Alicia and Procter, Simon R. and Kucharski, Adam J. and Russell, Timothy W. and Knight, Gwen and Gibbs, Hamish and Leclerc, Quentin and Quilty, Billy J. and Diamond, Charlie and Liu, Yang and Jit, Mark and Clifford, Samuel and Pearson, Carl A. B. and Eggo, Rosalind M. and Deol, Arminder K. and Klepac, Petra and Rubin, G. James and Edmunds, W. John},
   title = {Quantifying the impact of physical distance measures on the transmission of COVID-19 in the UK},
   journal = {BMC Medicine},
   volume = {18},
   number = {1},
   pages = {124-124},
   keywords = {COVID-19
Contact survey
Disease outbreak
Pandemic
Reproduction number
nCov},
   DOI = {10.1186/s12916-020-01597-8},
   url = {https://bmcmedicine.biomedcentral.com/articles/10.1186/s12916-020-01597-8},
   year = {2020},
   type = {Journal Article}
}

@article{jayaraj-2021,
   author = {Jayaraj, Vivek Jason and Rampal, Sanjay and Ng, Chiu-Wan and Chong, Diane Woei Quan},
   title = {The Epidemiology of COVID-19 in Malaysia},
   journal = {The Lancet regional health. Western Pacific},
   volume = {17},
   pages = {100295-100295},
   note = {34704083[pmid]
PMC8529946[pmcid]
S2666-6065(21)00204-2[PII]},
   keywords = {Case fatality
Epidemiology
Incidence
Mortality
Public health
Reproductive number
SARS-CoV-2
Transmission},
   ISSN = {2666-6065},
   DOI = {10.1016/j.lanwpc.2021.100295},
   url = {https://pubmed.ncbi.nlm.nih.gov/34704083
https://www.ncbi.nlm.nih.gov/pmc/articles/PMC8529946/},
   year = {2021},
   type = {Journal Article}
}

@article{jayasundara-2021,
   author = {Jayasundara, P. and Peariasamy, K. M. and Law, K. B. and Abd Rahim, K. N. K. and Lee, S. W. and Ghazali, I. M. M. and Abayawardana, M. and Le, L. V. and Khalaf, R. K. S. and Razali, K. and Le, X. and Chong, Z. L. and McBryde, E. S. and Meehan, M. T. and Caldwell, J. M. and Ragonnet, R. and Trauer, J. M.},
   title = {Sustaining effective COVID-19 control in Malaysia through large-scale vaccination},
   journal = {Epidemics},
   volume = {37},
   pages = {100517},
   keywords = {Covid-19
Mathematical modelling
Vaccination
Variants of concern},
   ISSN = {1755-4365 (Print)
1878-0067},
   DOI = {10.1016/j.epidem.2021.100517},
   url = {https://www.ncbi.nlm.nih.gov/pmc/articles/PMC8547797/pdf/main.pdf},
   year = {2021},
   type = {Journal Article}
}

@article{kennedy-2020,
   author = {Kennedy, David S. and Vu, V. K. and Ritchie, Hannah and Bartlein, Rebecca and Rothschild, Oliver and Bausch, Daniel G. and Roser, Max and Seale, Anna C.},
   title = {COVID-19: Identifying countries with indicators of success in responding to the outbreak},
   journal = {Gates Open Research},
   volume = {4},
   pages = {62-62},
   keywords = {COVID-19
exemplars
learning
lessons
outbreak
pandemic
response},
   DOI = {10.12688/gatesopenres.13140.1},
   url = {https://doi.org/10.12688/gatesopenres.13140.1},
   year = {2020},
   type = {Journal Article}
}

@article{khan-2022,
   author = {Khan, Khadija and Karim, Farina and Ganga, Yashica and Bernstein, Mallory and Jule, Zesuliwe and Reedoy, Kajal and Cele, Sandile and Lustig, Gila and Amoako, Daniel and Wolter, Nicole and Samsunder, Natasha and Sivro, Aida and San, James Emmanuel and Giandhari, Jennifer and Tegally, Houriiyah and Pillay, Sureshnee and Naidoo, Yeshnee and Mazibuko, Matilda and Miya, Yoliswa and Ngcobo, Nokuthula and Manickchund, Nithendra and Magula, Nombulelo and Karim, Quarraisha Abdool and von Gottberg, Anne and Abdool Karim, Salim S. and Hanekom, Willem and Gosnell, Bernadett I. and Lessells, Richard J. and de Oliveira, Tulio and Moosa, Mahomed-Yunus S. and Sigal, Alex},
   title = {Omicron sub-lineages BA.4/BA.5 escape BA.1 infection elicited neutralizing immunity},
   journal = {medRxiv},
   pages = {2022.04.29.22274477},
   DOI = {10.1101/2022.04.29.22274477},
   url = {http://medrxiv.org/content/early/2022/05/01/2022.04.29.22274477.abstract},
   year = {2022},
   type = {Journal Article}
}

@article{kissler-2020,
   author = {Kissler, S. M. and Tedijanto, C. and Goldstein, E. and Grad, Y. H. and Lipsitch, M.},
   title = {Projecting the transmission dynamics of SARS-CoV-2 through the postpandemic period},
   journal = {Science},
   volume = {368},
   number = {6493},
   pages = {860-868},
   keywords = {Betacoronavirus
COVID-19
Coronavirus Infections
Coronavirus OC43, Human
Disease Outbreaks
Disease Transmission, Infectious
Humans
Models, Biological
Pandemics
Pneumonia, Viral
SARS-CoV-2
Seasons},
   ISSN = {1095-9203},
   DOI = {10.1126/science.abb5793},
   url = {https://www.ncbi.nlm.nih.gov/pubmed/32291278},
   year = {2020},
   type = {Journal Article}
}

@article{kodera-2020,
   author = {Kodera, Sachiko and Rashed, Essam A. and Hirata, Akimasa},
   title = {Correlation between COVID-19 morbidity and mortality rates in Japan and local population density, temperature, and absolute humidity},
   journal = {International Journal of Environmental Research and Public Health},
   volume = {17},
   number = {15},
   pages = {1-14},
   keywords = {Absolute humidity
COVID-19
Japan
Morbidity rate
Mortality rate
Temperature},
   DOI = {10.3390/ijerph17155477},
   url = {https://pubmed.ncbi.nlm.nih.gov/32751311/},
   year = {2020},
   type = {Journal Article}
}

@article{kuhnert-2018,
   author = {Kühnert, Denise and Coscolla, Mireia and Brites, Daniela and Stucki, David and Metcalfe, John and Fenner, Lukas and Gagneux, Sebastien and Stadler, Tanja},
   title = {Tuberculosis outbreak investigation using phylodynamic analysis},
   journal = {Epidemics},
   volume = {25},
   pages = {47-53},
   keywords = {Phylodynamic analysis
Tuberculosis outbreak
Epidemic dynamics
Transmission dynamics},
   ISSN = {1755-4365},
   DOI = {https://doi.org/10.1016/j.epidem.2018.05.004},
   url = {https://www.sciencedirect.com/science/article/pii/S1755436517301068},
   year = {2018},
   type = {Journal Article}
}

@article{kwok-2020,
   author = {Kwok, Kin On and Huang, Ying and Tsoi, Margaret Ting Fong and Tang, Arthur and Wong, Samuel Yeung Shan and Wei, Wan In and Hui, David Shu Cheong},
   title = {Epidemiology, clinical spectrum, viral kinetics and impact of COVID-19 in the Asia-Pacific region},
   journal = {Respirology (Carlton, Vic.)},
   volume = {26},
   number = {4},
   pages = {322-333},
   note = {33690946[pmid]
PMC8207122[pmcid]},
   keywords = {*COVID-19
*clinical spectrum
*epidemiology
*impact
*viral kinetics
Asia/epidemiology
Australasia/epidemiology
*COVID-19/epidemiology/physiopathology/prevention & control/virology
Civil Defense/organization & administration
*Communicable Disease Control/legislation & jurisprudence/methods/organization & administration/statistics & numerical data
Government Regulation
Humans
International Cooperation
*SARS-CoV-2/pathogenicity/physiology},
   ISSN = {1440-1843
1323-7799},
   DOI = {10.1111/resp.14026},
   url = {https://pubmed.ncbi.nlm.nih.gov/33690946
https://www.ncbi.nlm.nih.gov/pmc/articles/PMC8207122/},
   year = {2021},
   type = {Journal Article}
}

@article{lane-2021,
   author = {Lane, Courtney R. and Sherry, Norelle L. and Porter, Ashleigh F. and Duchene, Sebastian and Horan, Kristy and Andersson, Patiyan and Wilmot, Mathilda and Turner, Annabelle and Dougall, Sally and Johnson, Sandra A. and Sait, Michelle and Gonçalves da Silva, Anders and Ballard, Susan A. and Hoang, Tuyet and Stinear, Timothy P. and Caly, Leon and Sintchenko, Vitali and Graham, Rikki and McMahon, Jamie and Smith, David and Leong, Lex E. X. and Meumann, Ella M. and Cooley, Louise and Schwessinger, Benjamin and Rawlinson, William and van Hal, Sebastiaan J. and Stephens, Nicola and Catton, Mike and Looker, Clare and Crouch, Simon and Sutton, Brett and Alpren, Charles and Williamson, Deborah A. and Seemann, Torsten and Howden, Benjamin P.},
   title = {Genomics-informed responses in the elimination of COVID-19 in Victoria, Australia: an observational, genomic epidemiological study},
   journal = {The Lancet Public Health},
   volume = {6},
   number = {8},
   pages = {e547-e556},
   ISSN = {2468-2667},
   DOI = {10.1016/S2468-2667(21)00133-X},
   url = {https://doi.org/10.1016/S2468-2667(21)00133-X},
   year = {2021},
   type = {Journal Article}
}

@article{lau-2021,
   author = {Lau, Jillian S. Y. and Buntine, Paul and Price, Melanie and Darzins, Peteris and Newnham, Evan and Connell, Ailie and Chean, Roy and Edwards, Glenn and Guy, Stephen},
   title = {SARS-CoV-2 seroprevalence in healthcare workers in a tertiary healthcare network in Victoria, Australia},
   journal = {Infection, Disease & Health},
   ISSN = {2468-0451},
   DOI = {10.1016/j.idh.2021.03.004},
   url = {https://doi.org/10.1016/j.idh.2021.03.004},
   year = {2021},
   type = {Journal Article}
}

@article{lauer-2020,
   author = {Lauer, S. A. and Grantz, K. H. and Bi, Q. and Jones, F. K. and Zheng, Q. and Meredith, H. R. and Azman, A. S. and Reich, N. G. and Lessler, J.},
   title = {The Incubation Period of Coronavirus Disease 2019 (COVID-19) From Publicly Reported Confirmed Cases: Estimation and Application},
   journal = {Ann Intern Med},
   volume = {172},
   number = {9},
   pages = {577-582},
   keywords = {Adult
Betacoronavirus
COVID-19
China
Coronavirus Infections
Female
Humans
Infectious Disease Incubation Period
Male
Middle Aged
Pandemics
Pneumonia, Viral
Retrospective Studies
SARS-CoV-2},
   ISSN = {1539-3704},
   DOI = {10.7326/M20-0504},
   url = {https://www.ncbi.nlm.nih.gov/pubmed/32150748},
   year = {2020},
   type = {Journal Article}
}

@article{lavine-2021,
   author = {Lavine, Jennie S. and Bjornstad, Ottar N. and Antia, Rustom},
   title = {Immunological characteristics govern the transition of COVID-19 to endemicity},
   journal = {Science},
   volume = {371},
   number = {6530},
   pages = {741},
   DOI = {10.1126/science.abe6522},
   url = {http://science.sciencemag.org/content/371/6530/741.abstract},
   year = {2021},
   type = {Journal Article}
}

@article{lewnard-2022,
   author = {Lewnard, Joseph A. and Hong, Vennis X. and Patel, Manish M. and Kahn, Rebecca and Lipsitch, Marc and Tartof, Sara Y.},
   title = {Clinical outcomes among patients infected with Omicron (B.1.1.529) SARS-CoV-2 variant in southern California},
   journal = {medRxiv},
   pages = {2022.01.11.22269045},
   DOI = {10.1101/2022.01.11.22269045},
   url = {http://medrxiv.org/content/early/2022/03/07/2022.01.11.22269045.abstract},
   year = {2022},
   type = {Journal Article}
}

@article{li-2020,
   author = {Li, Q. and Guan, X. and Wu, P. and Wang, X. and Zhou, L. and Tong, Y. and Ren, R. and Leung, K. S. M. and Lau, E. H. Y. and Wong, J. Y. and Xing, X. and Xiang, N. and Wu, Y. and Li, C. and Chen, Q. and Li, D. and Liu, T. and Zhao, J. and Liu, M. and Tu, W. and Chen, C. and Jin, L. and Yang, R. and Wang, Q. and Zhou, S. and Wang, R. and Liu, H. and Luo, Y. and Liu, Y. and Shao, G. and Li, H. and Tao, Z. and Yang, Y. and Deng, Z. and Liu, B. and Ma, Z. and Zhang, Y. and Shi, G. and Lam, T. T. Y. and Wu, J. T. and Gao, G. F. and Cowling, B. J. and Yang, B. and Leung, G. M. and Feng, Z.},
   title = {Early Transmission Dynamics in Wuhan, China, of Novel Coronavirus-Infected Pneumonia},
   journal = {N Engl J Med},
   volume = {382},
   number = {13},
   pages = {1199-1207},
   keywords = {Adolescent
Adult
Aged
Betacoronavirus
COVID-19
China
Communicable Disease Control
Coronavirus Infections
Disease Transmission, Infectious
Epidemics
Female
Humans
Incidence
Infectious Disease Incubation Period
Male
Middle Aged
Pandemics
Pneumonia, Viral
Polymerase Chain Reaction
SARS-CoV-2
Young Adult},
   ISSN = {1533-4406},
   DOI = {10.1056/NEJMoa2001316},
   url = {https://www.ncbi.nlm.nih.gov/pubmed/31995857},
   year = {2020},
   type = {Journal Article}
}

@article{litton-2020,
   author = {Litton, E. and Bucci, T. and Chavan, S. and Ho, Y. Y. and Holley, A. and Howard, G. and Huckson, S. and Kwong, P. and Millar, J. and Nguyen, N. and Secombe, P. and Ziegenfuss, M. and Pilcher, D.},
   title = {Surge capacity of intensive care units in case of acute increase in demand caused by COVID-19 in Australia},
   journal = {Med J Aust},
   volume = {212},
   number = {10},
   pages = {463-467},
   note = {Litton, Edward
Bucci, Tamara
Chavan, Shaila
Ho, Yvonne Y
Holley, Anthony
Howard, Gretta
Huckson, Sue
Kwong, Philomena
Millar, Johnny
Nguyen, Nhi
Secombe, Paul
Ziegenfuss, Marc
Pilcher, David
eng
Australia
Med J Aust. 2020 Jun;212(10):463-467. doi: 10.5694/mja2.50596. Epub 2020 Apr 19.},
   keywords = {Australia/epidemiology
Betacoronavirus
Covid-19
Coronavirus Infections/*epidemiology/therapy/virology
*Hospital Bed Capacity
Humans
Intensive Care Units/*supply & distribution
Pandemics
Pneumonia, Viral/*epidemiology/therapy/virology
SARS-CoV-2
Surge Capacity/*trends
Ventilators, Mechanical/*supply & distribution
*covid-19
*Epidemics
*Hospitals
*Intensive care
*Resource allocation
*Respiration, artificial
*Respiratory tract infections},
   ISSN = {1326-5377 (Electronic)
0025-729X (Linking)},
   DOI = {10.5694/mja2.50596},
   url = {https://www.ncbi.nlm.nih.gov/pubmed/32306408},
   year = {2020},
   type = {Journal Article}
}

@article{liu-2009,
   author = {Liu, Y. and Weinberg, M. S. and Ortega, L. S. and Painter, J. A. and Maloney, S. A.},
   title = {Overseas screening for tuberculosis in U.S.-bound immigrants and refugees},
   journal = {N Engl J Med},
   volume = {360},
   number = {23},
   pages = {2406-15},
   note = {Liu, Yecai
Weinberg, Michelle S
Ortega, Luis S
Painter, John A
Maloney, Susan A
eng
N Engl J Med. 2009 Jun 4;360(23):2406-15. doi: 10.1056/NEJMoa0809497.},
   keywords = {Adolescent
Adult
Aged
Asia/ethnology
Child
Child, Preschool
*Emigrants and Immigrants/statistics & numerical data
Female
Follow-Up Studies
HIV Infections/complications
Humans
Infant
Male
*Mass Screening
Mexico/ethnology
Middle Aged
Mycobacterium tuberculosis/isolation & purification
Prevalence
*Refugees/statistics & numerical data
Tuberculosis/complications/*diagnosis/ethnology
United States/epidemiology
Young Adult},
   ISSN = {1533-4406 (Electronic)
0028-4793 (Linking)},
   DOI = {10.1056/NEJMoa0809497},
   url = {https://www.ncbi.nlm.nih.gov/pubmed/19494216},
   year = {2009},
   type = {Journal Article}
}

@article{lyngse-2022a,
   author = {Lyngse, Frederik Plesner and Kirkeby, Carsten Thure and Denwood, Matthew and Christiansen, Lasse Engbo and Mølbak, Kåre and Møller, Camilla Holten and Skov, Robert Leo and Krause, Tyra Grove and Rasmussen, Morten and Sieber, Raphael Niklaus and Johannesen, Thor Bech and Lillebaek, Troels and Fonager, Jannik and Fomsgaard, Anders and Møller, Frederik Trier and Stegger, Marc and Overvad, Maria and Spiess, Katja and Mortensen, Laust Hvas},
   title = {Transmission of SARS-CoV-2 Omicron VOC subvariants BA.1 and BA.2: Evidence from Danish Households},
   journal = {medRxiv},
   pages = {2022.01.28.22270044},
   DOI = {10.1101/2022.01.28.22270044},
   url = {http://medrxiv.org/content/early/2022/01/30/2022.01.28.22270044.abstract},
   year = {2022},
   type = {Journal Article}
}

@article{lyngse-2022b,
   author = {Lyngse, Frederik Plesner and Kirkeby, Carsten Thure and Denwood, Matthew and Christiansen, Lasse Engbo and Mølbak, Kåre and Møller, Camilla Holten and Skov, Robert Leo and Krause, Tyra Grove and Rasmussen, Morten and Sieber, Raphael Niklaus and Johannesen, Thor Bech and Lillebaek, Troels and Fonager, Jannik and Fomsgaard, Anders and Møller, Frederik Trier and Stegger, Marc and Overvad, Maria and Spiess, Katja and Mortensen, Laust Hvas},
   title = {Transmission of SARS-CoV-2 Omicron VOC subvariants BA.1 and BA.2: Evidence from Danish Households},
   journal = {medRxiv},
   pages = {2022.01.28.22270044},
   DOI = {10.1101/2022.01.28.22270044},
   url = {http://medrxiv.org/content/early/2022/01/30/2022.01.28.22270044.abstract},
   year = {2022},
   type = {Journal Article}
}

@article{lyngse-2021a,
   author = {Lyngse, Frederik Plesner and Mortensen, Laust Hvas and Denwood, Matthew J. and Christiansen, Lasse Engbo and Møller, Camilla Holten and Skov, Robert Leo and Spiess, Katja and Fomsgaard, Anders and Lassaunière, Maria Magdalena and Rasmussen, Morten and Stegger, Marc and Nielsen, Claus and Sieber, Raphael Niklaus and Cohen, Arieh Sierra and Møller, Frederik Trier and Overvad, Maria and Mølbak, Kåre and Krause, Tyra Grove and Kirkeby, Carsten Thure},
   title = {SARS-CoV-2 Omicron VOC Transmission in Danish Households},
   journal = {medRxiv},
   pages = {2021.12.27.21268278},
   DOI = {10.1101/2021.12.27.21268278},
   url = {http://medrxiv.org/content/early/2021/12/27/2021.12.27.21268278.abstract},
   year = {2021},
   type = {Journal Article}
}

@article{mahmud-al-rafat-2022,
   author = {Mahmud-Al-Rafat, Abdullah and Hewins, Benjamin and Mannan, Adnan and Kelvin, David J. and Billah, Md Morsaline},
   title = {COVID-19 vaccine inequity, dependency, and production capability in low-income and middle-income countries: the case of Bangladesh},
   journal = {The Lancet Infectious Diseases},
   volume = {22},
   number = {3},
   pages = {310-312},
   ISSN = {1473-3099},
   DOI = {10.1016/S1473-3099(22)00028-7},
   url = {https://doi.org/10.1016/S1473-3099(22)00028-7},
   year = {2022},
   type = {Journal Article}
}

@article{malato-2022,
   author = {Malato, João and Ribeiro, Ruy M. and Leite, Pedro Pinto and Casaca, Pedro and Fernandes, Eugénia and Antunes, Carlos and Fonseca, Válter R. and Gomes, Manuel Carmo and Graca, Luis},
   title = {Risk of BA.5 infection in individuals exposed to prior SARS-CoV-2 variants},
   journal = {medRxiv},
   pages = {2022.07.27.22277602},
   DOI = {10.1101/2022.07.27.22277602},
   url = {http://medrxiv.org/content/early/2022/07/28/2022.07.27.22277602.abstract},
   year = {2022},
   type = {Journal Article}
}

@article{mansfield-2021,
   author = {Mansfield, Kathryn E. and Mathur, Rohini and Tazare, John and Henderson, Alasdair D. and Mulick, Amy R. and Carreira, Helena and Matthews, Anthony A. and Bidulka, Patrick and Gayle, Alicia and Forbes, Harriet and Cook, Sarah and Wong, Angel Y. S. and Strongman, Helen and Wing, Kevin and Warren-Gash, Charlotte and Cadogan, Sharon L. and Smeeth, Liam and Hayes, Joseph F. and Quint, Jennifer K. and McKee, Martin and Langan, Sinéad M.},
   title = {Indirect acute effects of the COVID-19 pandemic on physical and mental health in the UK: a population-based study},
   journal = {The Lancet Digital Health},
   volume = {3},
   number = {4},
   pages = {e217-e230},
   note = {doi: 10.1016/S2589-7500(21)00017-0},
   ISSN = {2589-7500},
   DOI = {10.1016/S2589-7500(21)00017-0},
   url = {https://doi.org/10.1016/S2589-7500(21)00017-0},
   year = {2021},
   type = {Journal Article}
}

@misc{margo-2021,
   author = {Margo, Jill},
   title = {Australia’s pandemic modellers are remodelling},
   publisher = {Australian Financial Review},
   month = {26th December 2021},
   year = {2021},
   type = {Electronic Article}
}

@article{mcaloon-2020,
   author = {McAloon, C. and Collins, Á and Hunt, K. and Barber, A. and Byrne, A. W. and Butler, F. and Casey, M. and Griffin, J. and Lane, E. and McEvoy, D. and Wall, P. and Green, M. and O'Grady, L. and More, S. J.},
   title = {Incubation period of COVID-19: a rapid systematic review and meta-analysis of observational research},
   journal = {BMJ Open},
   volume = {10},
   number = {8},
   pages = {e039652},
   keywords = {Betacoronavirus
COVID-19
Clinical Decision-Making
Coronavirus Infections
Humans
Infectious Disease Incubation Period
Logistic Models
Pandemics
Pneumonia, Viral
SARS-CoV-2
Software
epidemiology
public health},
   ISSN = {2044-6055},
   DOI = {10.1136/bmjopen-2020-039652},
   url = {https://www.ncbi.nlm.nih.gov/pubmed/32801208},
   year = {2020},
   type = {Journal Article}
}

@article{mcbryde-2020-a,
   author = {McBryde, Emma S. and Meehan, Michael T. and Adegboye, Oyelola A. and Adekunle, Adeshina I. and Caldwell, Jamie M. and Pak, Anton and Rojas, Diana P. and Williams, Bridget M. and Trauer, James M.},
   title = {Role of modelling in COVID-19 policy development},
   journal = {Paediatric respiratory reviews},
   volume = {35},
   pages = {57-60},
   note = {32690354[pmid]
PMC7301791[pmcid]
S1526-0542(20)30098-1[PII]},
   keywords = {COVID-19
Emerging infectious diseases
Mathematical modelling
Pandemic
Public health policy
Betacoronavirus
COVID-19 Vaccines
Coronavirus Infections/*epidemiology/prevention & control/transmission
Developing Countries
Epidemiologic Methods
*Health Policy
Humans
Models, Economic
*Models, Theoretical
Pandemics/prevention & control
Pneumonia, Viral/*epidemiology/prevention & control/transmission
*Policy Making
Public Health
Public Policy
SARS-CoV-2
Travel
Viral Vaccines/therapeutic use},
   ISSN = {1526-0550
1526-0542},
   DOI = {10.1016/j.prrv.2020.06.013},
   url = {https://pubmed.ncbi.nlm.nih.gov/32690354
https://www.ncbi.nlm.nih.gov/pmc/articles/PMC7301791/},
   year = {2020},
   type = {Journal Article}
}

@article{mcbryde-2021,
   author = {McBryde, Emma S. and Meehan, Michael T. and Caldwell, Jamie M. and Adekunle, Adeshina I. and Ogunlade, Samson T. and Kuddus, Md Abdul and Ragonnet, Romain and Jayasundara, Pavithra and Trauer, James M. and Cope, Robert C.},
   title = {Modelling direct and herd protection effects of vaccination against the SARS-CoV-2 Delta variant in Australia},
   journal = {Medical Journal of Australia},
   volume = {215},
   number = {9},
   pages = {427-432},
   note = {https://doi.org/10.5694/mja2.51263},
   keywords = {COVID-19
Infectious diseases
Epidemics
Nonlinear dynamics
Epidemiologic measurements
Vaccine preventable disease
Health policy},
   ISSN = {0025-729X},
   DOI = {https://doi.org/10.5694/mja2.51263},
   url = {https://doi.org/10.5694/mja2.51263},
   year = {2021},
   type = {Journal Article}
}

@article{mcbryde-2020-b,
   author = {McBryde, Emma S. and Trauer, James M. and Adekunle, Adeshina and Ragonnet, Romain and Meehan, Michael T.},
   title = {Stepping out of lockdown should start with school re-openings while maintaining distancing measures. Insights from mixing matrices and mathematical models},
   journal = {medRxiv},
   pages = {2020.05.12.20099036},
   DOI = {10.1101/2020.05.12.20099036},
   url = {http://medrxiv.org/content/early/2020/05/19/2020.05.12.20099036.abstract},
   year = {2020},
   type = {Journal Article}
}

@article{meehan-2018,
   author = {Meehan, Michael T. and Cocks, Daniel G. and Trauer, James M. and McBryde, Emma S.},
   title = {Coupled, multi-strain epidemic models of mutating pathogens},
   journal = {Mathematical Biosciences},
   volume = {296},
   pages = {82-92},
   keywords = {Drug resistance
Evolution
Coupled
Multi-strain},
   ISSN = {0025-5564},
   DOI = {https://doi.org/10.1016/j.mbs.2017.12.006},
   url = {https://www.sciencedirect.com/science/article/pii/S0025556417302511},
   year = {2018},
   type = {Journal Article}
}

@article{meehan-2020a,
   author = {Meehan, Michael T. and Cope, Robert C. and McBryde, Emma S.},
   title = {On the probability of strain invasion in endemic settings: Accounting for individual heterogeneity and control in multi-strain dynamics},
   journal = {Journal of Theoretical Biology},
   volume = {487},
   pages = {110109},
   keywords = {Pathogen evolution
Anti-microbial drug resistance
Multi-strain
Strain invasion
Epidemic control
Branching process},
   ISSN = {0022-5193},
   DOI = {https://doi.org/10.1016/j.jtbi.2019.110109},
   url = {https://www.sciencedirect.com/science/article/pii/S0022519319304783},
   year = {2020},
   type = {Journal Article}
}

@article{meehan-2020b,
   author = {Meehan, M. T. and Rojas, D. P. and Adekunle, A. I. and Adegboye, O. A. and Caldwell, J. M. and Turek, E. and Williams, B. M. and Marais, B. J. and Trauer, J. M. and McBryde, E. S.},
   title = {Modelling insights into the COVID-19 pandemic},
   journal = {Paediatr Respir Rev},
   volume = {35},
   pages = {64-69},
   keywords = {Betacoronavirus
COVID-19
Coronavirus Infections
Data Collection
Decision Making
Humans
Models, Theoretical
Pandemics
Pneumonia, Viral
Public Health
SARS-CoV-2
Severity of Illness Index
COVID-19
Emerging infectious diseases
Mathematical modelling
Pandemic
Review},
   ISSN = {1526-0550},
   DOI = {10.1016/j.prrv.2020.06.014},
   url = {https://www.ncbi.nlm.nih.gov/pubmed/32680824},
   year = {2020},
   type = {Journal Article}
}

@article{merali-2010,
   author = {Merali, Zeeya},
   title = {Computational science: ...Error},
   journal = {Nature},
   volume = {467},
   number = {7317},
   pages = {775-777},
   ISSN = {1476-4687},
   DOI = {10.1038/467775a},
   url = {https://doi.org/10.1038/467775a},
   year = {2010},
   type = {Journal Article}
}

@misc{mercer-2020,
   author = {Mercer, P.},
   title = {Covid: Melbourne's hard-won success after a marathon lockdown},
   publisher = {BBC News},
   volume = {2021},
   number = {15 June},
   url = {https://www.bbc.com/news/world-australia-54654646},
   year = {2020},
   type = {Web Page}
}

@article{metcalf-2020,
   author = {Metcalf, C. Jessica E. and Morris Dylan, H. and Park Sang, Woo},
   title = {Mathematical models to guide pandemic response},
   journal = {Science},
   volume = {369},
   number = {6502},
   pages = {368-369},
   DOI = {10.1126/science.abd1668},
   url = {https://doi.org/10.1126/science.abd1668},
   year = {2020},
   type = {Journal Article}
}

@article{meyerowitz-katz-2021,
   author = {Meyerowitz-Katz, Gideon and Bhatt, Samir and Ratmann, Oliver and Brauner, Jan Markus and Flaxman, Seth and Mishra, Swapnil and Sharma, Mrinank and Mindermann, Sören and Bradley, Valerie and Vollmer, Michaela and Merone, Lea and Yamey, Gavin},
   title = {Is the cure really worse than the disease? The health impacts of lockdowns during COVID-19},
   journal = {BMJ Global Health},
   volume = {6},
   number = {8},
   pages = {e006653},
   DOI = {10.1136/bmjgh-2021-006653},
   url = {http://gh.bmj.com/content/6/8/e006653.abstract},
   year = {2021},
   type = {Journal Article}
}

@article{michlmayr-2022,
   author = {Michlmayr, Daniela and Hansen, Christian Holm and Gubbels, Sophie Madeleine and Valentiner-Branth, Palle and Bager, Peter and Obel, Niels and Drewes, Birgitte and Møller, Camilla Holten and Møller, Frederik Trier and Legarth, Rebecca and Mølbak, Kåre and Ethelberg, Steen},
   title = {Observed protection against SARS-CoV-2 reinfection following a primary infection: A Danish cohort study among unvaccinated using two years of nationwide PCR-test data},
   journal = {The Lancet Regional Health – Europe},
   volume = {20},
   ISSN = {2666-7762},
   DOI = {10.1016/j.lanepe.2022.100452},
   url = {https://doi.org/10.1016/j.lanepe.2022.100452},
   year = {2022},
   type = {Journal Article}
}

@article{milne-2020,
   author = {Milne, G. and Xie, S. and Poklepovich, D. and O'Halloran, D. and Yap, M. and Whyatt, D.},
   title = {Effectiveness of Second Wave COVID-19 Response Strategies in Australia},
   journal = {medRxiv},
   url = {https://www.medrxiv.org/content/10.1101/2020.11.16.20232843v1},
   year = {2020},
   type = {Journal Article}
}

@article{mishra-2021,
   author = {Mishra, Swapnil and Scott, James A. and Laydon, Daniel J. and Flaxman, Seth and Gandy, Axel and Mellan, Thomas A. and Unwin, H. Juliette T. and Vollmer, Michaela and Coupland, Helen and Ratmann, Oliver and Monod, Melodie and Zhu, Harrison H. and Cori, Anne and Gaythorpe, Katy A. M. and Whittles, Lilith K. and Whittaker, Charles and Donnelly, Christl A. and Ferguson, Neil M. and Bhatt, Samir},
   title = {Comparing the responses of the UK, Sweden and Denmark to COVID-19 using counterfactual modelling},
   journal = {Scientific Reports},
   volume = {11},
   number = {1},
   pages = {16342},
   ISSN = {2045-2322},
   DOI = {10.1038/s41598-021-95699-9},
   url = {https://doi.org/10.1038/s41598-021-95699-9},
   year = {2021},
   type = {Journal Article}
}

@article{mossong-2008,
   author = {Mossong, Joël and Hens, Niel and Jit, Mark and Beutels, Philippe and Auranen, Kari and Mikolajczyk, Rafael and Massari, Marco and Salmaso, Stefania and Tomba, Gianpaolo Scalia and Wallinga, Jacco and Heijne, Janneke and Sadkowska-Todys, Malgorzata and Rosinska, Magdalena and Edmunds, W. John},
   title = {Social Contacts and Mixing Patterns Relevant to the Spread of Infectious Diseases},
   journal = {PLOS Medicine},
   volume = {5},
   number = {3},
   pages = {e74},
   DOI = {10.1371/journal.pmed.0050074},
   url = {https://doi.org/10.1371/journal.pmed.0050074},
   year = {2008},
   type = {Journal Article}
}

@misc{murray-atfield-2020,
   author = {Murray-Atfield, Y. and Dunstan, J.},
   title = {Melbourne placed under stage 4 coronavirus lockdown, stage 3 for rest of Victoria as state of disaster declared},
   publisher = {ABC News},
   volume = {2021},
   number = {15 June},
   url = {https://www.abc.net.au/news/2020-08-02/victoria-coronavirus-restrictions-imposed-death-toll-cases-rise/12515914},
   year = {2020},
   type = {Web Page}
}

@misc{niphe-2020,
   author = {National Institute for Public Health and the Environment},
   title = {Epidemiologische situatie COVID-19 in Nederland. Technical Report},
   url = {https://www.rivm.nl/archief-weekrapportages-covid-19-in-nederland},
   year = {2020},
   type = {Government Document}
}

@article{nelson-2020,
   author = {Nelson, Roxanne},
   title = {COVID-19 disrupts vaccine delivery},
   journal = {The Lancet. Infectious diseases},
   volume = {20},
   number = {5},
   pages = {546-546},
   DOI = {10.1016/S1473-3099(20)30304-2},
   url = {www.thelancet.com/infection},
   year = {2020},
   type = {Journal Article}
}

@article{nyberg-2022,
   author = {Nyberg, T. and Ferguson, N. M. and Nash, S. G. and Webster, H. H. and Flaxman, S. and Andrews, N. and Hinsley, W. and Bernal, J. L. and Kall, M. and Bhatt, S. and Blomquist, P. and Zaidi, A. and Volz, E. and Aziz, N. A. and Harman, K. and Funk, S. and Abbott, S. and Hope, R. and Charlett, A. and Chand, M. and Ghani, A. C. and Seaman, S. R. and Dabrera, G. and De Angelis, D. and Presanis, A. M. and Thelwall, S.},
   title = {Comparative analysis of the risks of hospitalisation and death associated with SARS-CoV-2 omicron (B.1.1.529) and delta (B.1.617.2) variants in England: a cohort study},
   journal = {Lancet},
   volume = {399},
   number = {10332},
   pages = {1303-1312},
   ISSN = {0140-6736 (Print)
0140-6736},
   DOI = {10.1016/s0140-6736(22)00462-7},
   year = {2022},
   type = {Journal Article}
}

@article{odriscoll-2021,
   author = {O'Driscoll, M. and Ribeiro Dos Santos, G. and Wang, L. and Cummings, D. A. T. and Azman, A. S. and Paireau, J. and Fontanet, A. and Cauchemez, S. and Salje, H.},
   title = {Age-specific mortality and immunity patterns of SARS-CoV-2},
   journal = {Nature},
   volume = {590},
   number = {7844},
   pages = {140-145},
   keywords = {Adolescent
Adult
Age Distribution
Age Factors
Aged
Aged, 80 and over
Aging
COVID-19
COVID-19 Serological Testing
Child
Child, Preschool
Female
Humans
Infant
Infant, Newborn
Internationality
Male
Middle Aged
Pandemics
SARS-CoV-2
Young Adult},
   ISSN = {1476-4687},
   DOI = {10.1038/s41586-020-2918-0},
   url = {https://www.ncbi.nlm.nih.gov/pubmed/33137809},
   year = {2021},
   type = {Journal Article}
}

@misc{WHO-WPR-2022,
   author = {Organization, World Health},
   title = {COVID-19 situation report for the Western Pacific Region #103: 27 April 2022 - 3 May 2022},
   url = {https://www.who.int/westernpacific/publications/m/item/covid-19-situation-report-for-the-western-pacific-region--103--27-april-2022---3-may-2022},
   year = {2022},
   type = {Generic}
}

@article{pablos-mendez-2022,
   author = {Pablos-Méndez, Ariel and Villa, Simone and Monti, Maria Cristina and Raviglione, Mario Carlo and Tabish, Hilary Brown and Evans, Timothy Grant and Cash, Richard Alan},
   title = {Global ecological analysis of COVID-19 mortality and comparison between “the East” and “the West”},
   journal = {Scientific Reports},
   volume = {12},
   number = {1},
   pages = {5272},
   ISSN = {2045-2322},
   DOI = {10.1038/s41598-022-09286-7},
   url = {https://doi.org/10.1038/s41598-022-09286-7},
   year = {2022},
   type = {Journal Article}
}

@article{patel-2020,
   author = {Patel, J. and Sridhar, D.},
   title = {We should learn from the Asia-Pacific responses to COVID-19},
   journal = {Lancet Reg Health West Pac},
   volume = {5},
   pages = {100062},
   note = {2666-6065
Patel, Jay
Sridhar, Devi
Journal Article
Lancet Reg Health West Pac. 2020 Dec;5:100062. doi: 10.1016/j.lanwpc.2020.100062. Epub 2020 Nov 27.},
   keywords = {Covid-19
Epidemiology
Health policy
Public health
attended Scientific Advisory Group for Emergencies and UK Cabinet Office Advisory
Group meetings, and sits on the Royal Society Data Evaluation and Learning for
Viral Epidemics initiative that inputs into the Scientific Advisory Group for
Emergencies.},
   ISSN = {2666-6065},
   DOI = {10.1016/j.lanwpc.2020.100062},
   year = {2020},
   type = {Journal Article}
}

@article{peralta-santos-2022,
   author = {Peralta-Santos, André and Rodrigues, Eduardo Freire and Moreno, Joana and Ricoca, Vasco and Casaca, Pedro and Fernandes, Eugenia and Gomes, João Paulo and Ferreira, Rita and Isidro, Joana and Pinto, Miguel and Borges, Vítor and Vieira, Luís and Duarte, Sílvia and Sousa, Carlos and Almeida, José Pedro and Menezes, Luís and Ferreira, Bibiana I. and Matias, Ana and Pelerito, Ana and Freire, Samanta and Grilo, Teresa and Borges, Cláudia Medeiros and Moutinho, Vera and Leite, Andreia and Kislaya, Irina and Rodrigues, Ana Paula and Leite, Pedro Pinto and Nunes, Baltazar},
   title = {Omicron (BA.1) SARS-CoV-2 variant is associated with reduced risk of hospitalization and length of stay compared with Delta (B.1.617.2)},
   journal = {medRxiv},
   pages = {2022.01.20.22269406},
   DOI = {10.1101/2022.01.20.22269406},
   url = {http://medrxiv.org/content/early/2022/01/23/2022.01.20.22269406.abstract},
   year = {2022},
   type = {Journal Article}
}

@article{pollan-2020,
   author = {Pollán, M. and Pérez-Gómez, B. and Pastor-Barriuso, R. and Oteo, J. and Pérez-Olmeda, M. and Yotti, R. and Group, ENE-COVID Study},
   title = {SARS-CoV-2 seroprevalence in Spain - Authors' reply},
   journal = {Lancet},
   volume = {396},
   number = {10261},
   pages = {1484-1485},
   keywords = {Betacoronavirus
COVID-19
Coronavirus Infections
Humans
Pandemics
Pneumonia, Viral
Prevalence
SARS-CoV-2
Seroepidemiologic Studies
Spain},
   ISSN = {1474-547X},
   DOI = {10.1016/S0140-6736(20)32266-2},
   url = {https://www.ncbi.nlm.nih.gov/pubmed/33160561},
   year = {2020},
   type = {Journal Article}
}

@article{prem-2017,
   author = {Prem, K. and Cook, A. R. and Jit, M.},
   title = {Projecting social contact matrices in 152 countries using contact surveys and demographic data},
   journal = {PLoS Comput Biol},
   volume = {13},
   number = {9},
   pages = {e1005697},
   keywords = {Adolescent
Adult
Aged
Aged, 80 and over
Child
Child, Preschool
Communicable Diseases
Computational Biology
Demography
Europe
Family Characteristics
Global Health
Humans
Infant
Infant, Newborn
Middle Aged
Models, Statistical
Social Behavior
Surveys and Questionnaires
Young Adult},
   ISSN = {1553-7358},
   DOI = {10.1371/journal.pcbi.1005697},
   url = {https://www.ncbi.nlm.nih.gov/pubmed/28898249},
   year = {2017},
   type = {Journal Article}
}

@article{prem-2020,
   author = {Prem, Kiesha and van Zandvoort, Kevin and Klepac, Petra and Eggo, Rosalind M. and Davies, Nicholas G. and Centre for the Mathematical Modelling of Infectious Diseases, Covid-Working Group and Cook, Alex R. and Jit, Mark},
   title = {Projecting contact matrices in 177 geographical regions: an update and comparison with empirical data for the COVID-19 era},
   journal = {medRxiv},
   pages = {2020.07.22.20159772},
   DOI = {10.1101/2020.07.22.20159772},
   url = {http://medrxiv.org/content/early/2020/07/28/2020.07.22.20159772.abstract},
   year = {2020},
   type = {Journal Article}
}

@article{price-2020,
   author = {Price, David J. and Shearer, Freya M. and Meehan, Michael T. and McBryde, Emma and Moss, Robert and Golding, Nick and Conway, Eamon J. and Dawson, Peter and Cromer, Deborah and Wood, James and Abbott, Sam and McVernon, Jodie and McCaw, James M.},
   title = {Early analysis of the australian covid-19 epidemic},
   journal = {eLife},
   volume = {9},
   pages = {1-14},
   DOI = {10.7554/ELIFE.58785},
   year = {2020},
   type = {Journal Article}
}

@article{pritchard-2020,
   author = {Pritchard, M. G. and Olliaro, P. L. and Group, ISARIC Clinical Characterisation},
   title = {Symptoms at presentation for patients admitted to hospital with Covid-19: results from the ISARIC prospective multinational observational study},
   journal = {medRxiv},
   DOI = {10.1101/2020.10.26.20219519},
   url = {https://www.ncbi.nlm.nih.gov/pubmed/33140062},
   year = {2020},
   type = {Journal Article}
}

@article{puhach-2022,
   author = {Puhach, Olha and Adea, Kenneth and Hulo, Nicolas and Sattonnet, Pascale and Genecand, Camille and Iten, Anne and Jacquérioz, Frédérique and Kaiser, Laurent and Vetter, Pauline and Eckerle, Isabella and Meyer, Benjamin},
   title = {Infectious viral load in unvaccinated and vaccinated individuals infected with ancestral, Delta or Omicron SARS-CoV-2},
   journal = {Nature Medicine},
   volume = {28},
   number = {7},
   pages = {1491-1500},
   ISSN = {1546-170X},
   DOI = {10.1038/s41591-022-01816-0},
   url = {https://doi.org/10.1038/s41591-022-01816-0},
   year = {2022},
   type = {Journal Article}
}

@article{qualls-2017,
   author = {Qualls, N. and Levitt, A. and Kanade, N. and Wright-Jegede, N. and Dopson, S. and Biggerstaff, M. and Reed, C. and Uzicanin, A.},
   title = {Community Mitigation Guidelines to Prevent Pandemic Influenza - United States, 2017},
   journal = {MMWR Recomm Rep},
   volume = {66},
   number = {1},
   pages = {1-34},
   note = {1545-8601
Qualls, Noreen
Levitt, Alexandra
Kanade, Neha
Wright-Jegede, Narue
Dopson, Stephanie
Biggerstaff, Matthew
Reed, Carrie
Uzicanin, Amra
CDC Community Mitigation Guidelines Work Group
Journal Article
Practice Guideline
MMWR Recomm Rep. 2017 Apr 21;66(1):1-34. doi: 10.15585/mmwr.rr6601a1.},
   keywords = {*Community Participation
Humans
*Influenza A Virus, H1N1 Subtype
Influenza, Human/epidemiology/*prevention & control
Pandemics/*prevention & control
United States/epidemiology},
   ISSN = {1057-5987 (Print)
1057-5987},
   DOI = {10.15585/mmwr.rr6601a1},
   year = {2017},
   type = {Journal Article}
}

@article{ragonnet-2015,
   author = {Ragonnet, Romain and Trauer, James M. and Denholm, Justin T. and Geard, Nicholas L. and Hellard, Margaret and McBryde, Emma S.},
   title = {Vaccination Programs for Endemic Infections: Modelling Real versus Apparent Impacts of Vaccine and Infection Characteristics},
   journal = {Scientific Reports},
   volume = {5},
   number = {1},
   pages = {15468},
   ISSN = {2045-2322},
   DOI = {10.1038/srep15468},
   url = {https://doi.org/10.1038/srep15468},
   year = {2015},
   type = {Journal Article}
}

@article{ragonnet-2017,
   author = {Ragonnet, Romain and Trauer, James M. and Scott, Nick and Meehan, Michael T. and Denholm, Justin T. and McBryde, Emma S.},
   title = {Optimally capturing latency dynamics in models of tuberculosis transmission},
   journal = {Epidemics},
   volume = {21},
   pages = {39-47},
   keywords = {Tuberculosis latency
Mathematical modelling
Risk of disease activation
Parameter estimation},
   ISSN = {1755-4365},
   DOI = {https://doi.org/10.1016/j.epidem.2017.06.002},
   url = {https://www.sciencedirect.com/science/article/pii/S1755436517300178},
   year = {2017},
   type = {Journal Article}
}

@article{ragonnet-2022,
   author = {Ragonnet, Romain and Williams, Bridget M and Largen, Angela and Nasa, Joaquin, Jr and Jack, Tom and Langinlur, Mailynn K and Ko, Eunyoung and Rahevar, Kalpeshsinh and Islam, Tauhid and Denholm, Justin T and Marais, Ben J and Marks, Guy B and McBryde, Emma S and Trauer, James M},
   title = {Estimating the long-term effects of mass screening for latent and active tuberculosis in the Marshall Islands},
   journal = {International Journal of Epidemiology},
   ISSN = {0300-5771},
   DOI = {10.1093/ije/dyac045},
   url = {https://doi.org/10.1093/ije/dyac045},
   year = {2022},
   type = {Journal Article}
}

@article{ragonnet-2021,
   author = {Ragonnet, R. Auid-Orcid and Flegg, J. A. and Brilleman, S. L. and Tiemersma, E. W. and Melsew, Y. A. and McBryde, E. S. and Trauer, J. M.},
   title = {Revisiting the Natural History of Pulmonary Tuberculosis: A Bayesian Estimation of Natural Recovery and Mortality Rates},
   number = {1537-6591 (Electronic)},
   year = {2021},
   type = {Journal Article}
}

@article{ragonnet-2019,
   author = {Ragonnet, R. Auid-Orcid and Trauer, J. M. and Geard, N. and Scott, N. and McBryde, E. S.},
   title = {Profiling Mycobacterium tuberculosis transmission and the resulting disease burden in the five highest tuberculosis burden countries},
   journal = {BMC Medicine volume},
   volume = {17},
   number = {208},
   DOI = {doi.org/10.1186/s12916-019-1452-0},
   year = {2019},
   type = {Journal Article}
}

@article{rashed-2020,
   author = {Rashed, Essam A. and Kodera, Sachiko and Gomez-Tames, Jose and Hirata, Akimasa},
   title = {Influence of absolute humidity, temperature and population density on COVID-19 spread and decay durations: Multi-prefecture study in Japan},
   journal = {International Journal of Environmental Research and Public Health},
   volume = {17},
   number = {15},
   pages = {1-14},
   keywords = {Absolute humidity
COVID-19
Population density
Spread and decay durations
Temperature},
   DOI = {10.3390/ijerph17155354},
   url = {https://www.mdpi.com/1660-4601/17/15/5354},
   year = {2020},
   type = {Journal Article}
}

@article{sah-2021,
   author = {Sah, Pratha and Fitzpatrick, Meagan C. and Zimmer, Charlotte F. and Abdollahi, Elaheh and Juden-Kelly, Lyndon and Moghadas, Seyed M. and Singer, Burton H. and Galvani, Alison P.},
   title = {Asymptomatic SARS-CoV-2 infection: A systematic review and meta-analysis},
   journal = {Proceedings of the National Academy of Sciences},
   volume = {118},
   number = {34},
   pages = {e2109229118},
   DOI = {10.1073/pnas.2109229118},
   url = {http://www.pnas.org/content/118/34/e2109229118.abstract},
   year = {2021},
   type = {Journal Article}
}

@article{saul-2020,
   author = {Saul, A. and Scott, N. and Crabb, B. S. and Majumdar, S. S. and Coghlan, B. and Hellard, M. E.},
   title = {Victoria’s response to a resurgence of COVID-19 has averted 9,000-37,000 cases in July 2020},
   journal = {Medical Journal of Australia},
   url = {https://www.mja.com.au/journal/2020/victorias-response-resurgence-covid-19-has-averted-9000-37000-cases-july-2020},
   year = {2020},
   type = {Journal Article}
}

@article{scott-2021,
   author = {Scott, Nick and Palmer, Anna and Delport, Dominic and Abeysuriya, Romesh and Stuart, Robyn M. and Kerr, Cliff C. and Mistry, Dina and Klein, Daniel J. and Sacks-Davis, Rachel and Heath, Katie and Hainsworth, Samuel W. and Pedrana, Alisa and Stoove, Mark and Wilson, David and Hellard, Margaret E.},
   title = {Modelling the impact of relaxing COVID-19 control measures during a period of low viral transmission},
   journal = {Medical Journal of Australia},
   volume = {214},
   number = {2},
   pages = {79-83},
   note = {https://doi.org/10.5694/mja2.50845},
   keywords = {Theoretical models
COVID-19
Public policy
Infectious diseases
Respiratory tract infections},
   ISSN = {0025-729X},
   DOI = {https://doi.org/10.5694/mja2.50845},
   url = {https://doi.org/10.5694/mja2.50845},
   year = {2021},
   type = {Journal Article}
}

@article{sheikh-2022,
   author = {Sheikh, Aziz and Kerr, Steven and Woolhouse, Mark and McMenamin, Jim and Robertson, Chris and Simpson, Colin Richard and Millington, Tristan and Shi, Ting and Agrawal, Utkarsh and Shahul Hameed, Safraj and Hall, Elliott and Rudan, Igor and Shah, Syed Ahmar and Ritchie, Lewis and Stock, Sarah and McCowan, Colin},
   title = {Severity of omicron variant of concern and effectiveness of vaccine boosters against symptomatic disease in Scotland (EAVE II): a national cohort study with nested test-negative design},
   journal = {The Lancet Infectious Diseases},
   ISSN = {1473-3099},
   DOI = {https://doi.org/10.1016/S1473-3099(22)00141-4},
   url = {https://www.sciencedirect.com/science/article/pii/S1473309922001414},
   year = {2022},
   type = {Journal Article}
}

@article{shruti-2021,
   author = {Shruti, Khare and Céline, Gurry and Lucas, Freitas and Mark, B. Schultz and Gunter, Bach and Amadou, Diallo and Nancy, Akite and Joses, Ho and Raphael, T. C. Lee and Winston, Yeo and Team, Gisaid Core Curation and Sebastian, Maurer-Stroh},
   title = {GISAID’s Role in Pandemic Response},
   journal = {China CDC Weekly},
   volume = {3},
   number = {49},
   pages = {1049-1051},
   keywords = {GISAID
Coronavirus
Data sharing
COVID-19},
   DOI = {10.46234/ccdcw2021.255},
   url = {https://weekly.chinacdc.cn//article/id/21792cdf-a54a-4a11-b6fe-68d50f817d91},
   year = {2021},
   type = {Journal Article}
}

@misc{singh-chawla-2020,
   author = {Singh Chawla, D.},
   title = {Critiqued coronavirus simulation gets thumbs up from code-checking efforts},
   volume = {582},
   number = {7812},
   pages = {323-324},
   month = {Jun},
   note = {1476-4687
Singh Chawla, Dalmeet
News
England
Nature. 2020 Jun;582(7812):323-324. doi: 10.1038/d41586-020-01685-y.},
   keywords = {Covid-19
*Computer Simulation
Coronavirus Infections/*epidemiology/prevention & control/transmission
Health Policy
Humans
Pandemics/prevention & control
Pneumonia, Viral/*epidemiology/prevention & control/transmission
Policy Making
Public Health
Reproducibility of Results
Software/*standards
United Kingdom/epidemiology
*Computer science
*Epidemiology
*Mathematics and computing
*SARS-CoV-2},
   ISBN = {0028-0836},
   DOI = {10.1038/d41586-020-01685-y},
   year = {2020},
   type = {Newspaper Article}
}

@article{smith-2004,
   author = {Smith, David L. and Ellis McKenzie, F.},
   title = {Statics and dynamics of malaria infection in Anopheles mosquitoes},
   journal = {Malaria Journal},
   volume = {3},
   number = {1},
   pages = {13},
   ISSN = {1475-2875},
   DOI = {10.1186/1475-2875-3-13},
   url = {https://doi.org/10.1186/1475-2875-3-13},
   year = {2004},
   type = {Journal Article}
}

@article{smith-2018,
   author = {Smith, Neal R. and Trauer, James M. and Gambhir, Manoj and Richards, Jack S. and Maude, Richard J. and Keith, Jonathan M. and Flegg, Jennifer A.},
   title = {Agent-based models of malaria transmission: a systematic review},
   journal = {Malaria Journal},
   volume = {17},
   number = {1},
   pages = {299},
   ISSN = {1475-2875},
   DOI = {10.1186/s12936-018-2442-y},
   url = {https://doi.org/10.1186/s12936-018-2442-y},
   year = {2018},
   type = {Journal Article}
}

@article{soltesz-2020,
   author = {Soltesz, Kristian and Gustafsson, Fredrik and Timpka, Toomas and Jaldén, Joakim and Jidling, Carl and Heimerson, Albin and Schön, Thomas B. and Spreco, Armin and Ekberg, Joakim and Dahlström, Örjan and Bagge Carlson, Fredrik and Jöud, Anna and Bernhardsson, Bo},
   title = {The effect of interventions on COVID-19},
   journal = {Nature},
   volume = {588},
   number = {7839},
   pages = {E26-E28},
   ISSN = {1476-4687},
   DOI = {10.1038/s41586-020-3025-y},
   url = {https://doi.org/10.1038/s41586-020-3025-y},
   year = {2020},
   type = {Journal Article}
}

@article{spreeuwenberg-2018,
   author = {Spreeuwenberg, P. and Kroneman, M. and Paget, J.},
   title = {Reassessing the Global Mortality Burden of the 1918 Influenza Pandemic},
   journal = {Am J Epidemiol},
   volume = {187},
   number = {12},
   pages = {2561-2567},
   note = {1476-6256
Spreeuwenberg, Peter
Kroneman, Madelon
Paget, John
Historical Article
Journal Article
Am J Epidemiol. 2018 Dec 1;187(12):2561-2567. doi: 10.1093/aje/kwy191.},
   keywords = {Adult
Age Distribution
Aged
Child, Preschool
Europe/epidemiology
Female
*Global Health
History, 20th Century
Humans
India/epidemiology
Infant
Infant, Newborn
Influenza Pandemic, 1918-1919/*history/mortality
Influenza, Human/*epidemiology/*history/mortality
Male
Middle Aged
Models, Statistical
Reproducibility of Results
Seasons
Young Adult},
   ISSN = {0002-9262 (Print)
0002-9262},
   DOI = {10.1093/aje/kwy191},
   year = {2018},
   type = {Journal Article}
}

@article{taouk-2022,
   author = {Taouk, Mona L. and Taiaroa, George and Pasricha, Shivani and Herman, Sophie and Chow, Eric P. F. and Azzatto, Francesca and Zhang, Bowen and Sia, Cheryll M. and Duchene, Sebastian and Lee, Alvin and Higgins, Nasra and Prestedge, Jacqueline and Lee, Yi Wei and Thomson, Nicholas R. and Graves, Bianca and Meumann, Ella and Gunathilake, Manoji and Hocking, Jane S. and Bradshaw, Catriona S. and Beale, Mathew A. and Howden, Benjamin P. and Chen, Marcus Y. and Fairley, Christopher K. and Ingle, Danielle J. and Williamson, Deborah A.},
   title = {Characterisation of <em>Treponema pallidum</em> lineages within the contemporary syphilis outbreak in Australia: a genomic epidemiological analysis},
   journal = {The Lancet Microbe},
   volume = {3},
   number = {6},
   pages = {e417-e426},
   ISSN = {2666-5247},
   DOI = {10.1016/S2666-5247(22)00035-0},
   url = {https://doi.org/10.1016/S2666-5247(22)00035-0},
   year = {2022},
   type = {Journal Article}
}

@article{cnirst-2021,
   author = {Team, Covid- National Incident Room Surveillance},
   title = {COVID-19 Australia: Epidemiology Report 42 Reporting period ending 23 May 2021},
   journal = {Commun Dis Intell (2018)},
   volume = {45},
   keywords = {2019-nCoV
Australia
COVID-19
acute respiratory disease
coronavirus disease 2019
epidemiology
novel coronavirus
SARS-CoV-2},
   ISSN = {2209-6051},
   DOI = {10.33321/cdi.2021.45.30},
   url = {http://dx.doi.org/10.33321/cdi.2021.45.30
https://www.ncbi.nlm.nih.gov/pubmed/34139969},
   year = {2021},
   type = {Journal Article}
}

@article{tobin-2022,
   author = {Tobin, Ruarai J. and Wood, James G. and Jayasundara, Duleepa and Sara, Grant and Walker, James and Martin, Genevieve E. and McCaw, James M. and Shearer, Freya M. and Price, David J.},
   title = {Hospital length of stay in a mixed Omicron and Delta epidemic in New South Wales, Australia},
   journal = {medRxiv},
   pages = {2022.03.16.22271361},
   DOI = {10.1101/2022.03.16.22271361},
   url = {http://medrxiv.org/content/early/2022/03/19/2022.03.16.22271361.abstract},
   year = {2022},
   type = {Journal Article}
}

@article{trauer-2013,
   author = {Trauer, J. M. and Bandaranayake, D. and Booy, R. and Chen, M. I. and Cretikos, M. and Dowse, G. K. and Dwyer, D. E. and Greenberg, M. E. and Huang, Q. S. and Khandaker, G. and Kok, J. and Laurie, K. L. and Lee, V. J. and McVernon, J. and Walter, S. and Markey, P. G.},
   title = {Seroepidemiologic effects of influenza A(H1N1)pdm09 in Australia, New Zealand, and Singapore},
   journal = {Emerg Infect Dis},
   volume = {19},
   number = {1},
   pages = {92-101},
   note = {1080-6059
Trauer, James M
Bandaranayake, Don
Booy, Robert
Chen, Mark I
Cretikos, Michelle
Dowse, Gary K
Dwyer, Dominic E
Greenberg, Michael E
Huang, Q Sue
Khandaker, Gulam
Kok, Jen
Laurie, Karen L
Lee, Vernon J
McVernon, Jodie
Walter, Scott
Markey, Peter G
Australia, New Zealand and Singapore Pandemic Serosurveillance Study Group
Journal Article
Research Support, Non-U.S. Gov't
Emerg Infect Dis. 2013 Jan;19(1):92-101. doi: 10.3201/eid1901.111643.},
   keywords = {Adolescent
Adult
Age Factors
Aged
Aged, 80 and over
Antibodies, Viral/*blood/immunology
Australia/epidemiology
Child
Child, Preschool
Female
Hemagglutination Inhibition Tests
Humans
Incidence
Infant
Influenza A Virus, H1N1 Subtype/*physiology
Influenza, Human/*epidemiology/ethnology/immunology/virology
Male
Middle Aged
Native Hawaiian or Other Pacific Islander
New Zealand/epidemiology
*Pandemics
Pregnancy
Seroepidemiologic Studies
Singapore/epidemiology},
   ISSN = {1080-6040 (Print)
1080-6040},
   DOI = {10.3201/eid1901.111643},
   year = {2013},
   type = {Journal Article}
}

@article{trauer-2011,
   author = {Trauer, J. M. and Laurie, K. L. and McDonnell, J. and Kelso, A. and Markey, P. G.},
   title = {Differential effects of pandemic (H1N1) 2009 on remote and indigenous groups, Northern Territory, Australia, 2009},
   journal = {Emerg Infect Dis},
   volume = {17},
   number = {9},
   pages = {1615-23},
   note = {1080-6059
Trauer, James McCracken
Laurie, Karen Louise
McDonnell, Joseph
Kelso, Anne
Markey, Peter Gregory
Comparative Study
Journal Article
Research Support, U.S. Gov't, P.H.S.
Emerg Infect Dis. 2011 Sep;17(9):1615-23. doi: 10.3201/eid1709.101196.},
   keywords = {Adaptive Immunity
Adolescent
Adult
Antibodies, Viral/blood
Child
Cross-Sectional Studies
Humans
Incidence
Influenza A Virus, H1N1 Subtype/*immunology
Influenza, Human/*ethnology/immunology/virology
Middle Aged
Native Hawaiian or Other Pacific Islander
Northern Territory/epidemiology
*Pandemics
Regression Analysis
Rural Population
Young Adult},
   ISSN = {1080-6040 (Print)
1080-6040},
   DOI = {10.3201/eid1709.101196},
   year = {2011},
   type = {Journal Article}
}

@article{trauer-2021-a,
   author = {Trauer, James M. and Lydeamore, Michael J. and Dalton, Gregory W. and Pilcher, David and Meehan, Michael T. and McBryde, Emma S. and Cheng, Allen C. and Sutton, Brett and Ragonnet, Romain},
   title = {Understanding how Victoria, Australia gained control of its second COVID-19 wave},
   journal = {Nature Communications},
   volume = {12},
   number = {1},
   pages = {6266},
   ISSN = {2041-1723},
   DOI = {10.1038/s41467-021-26558-4},
   url = {https://doi.org/10.1038/s41467-021-26558-4},
   year = {2021},
   type = {Journal Article}
}

@article{trauer-2021-b,
   author = {Trauer, James M. and Marais, Ben J. and Ragonnet, Romain and Savulescu, Julian and McBryde, Emma S.},
   title = {Time for a clear national COVID-19 strategy},
   journal = {Medical Journal of Australia},
   volume = {214},
   number = {2},
   pages = {94-94.e1},
   note = {https://doi.org/10.5694/mja2.50894},
   keywords = {COVID-19
Infectious diseases
Respiratory tract infections
Public policy
Epidemiologic measurements
Epidemiology},
   ISSN = {0025-729X},
   DOI = {https://doi.org/10.5694/mja2.50894},
   url = {https://doi.org/10.5694/mja2.50894},
   year = {2021},
   type = {Journal Article}
}

@article{trauer-2017,
   author = {Trauer, J. M. and Ragonnet, R. and Doan, T. N. and McBryde, E. S.},
   title = {Modular programming for tuberculosis control, the "AuTuMN" platform},
   journal = {BMC Infect Dis},
   volume = {17},
   number = {1},
   pages = {546},
   keywords = {Cost-Benefit Analysis
Humans
Infection Control
Models, Economic
Models, Theoretical
Software
Tuberculosis
Vaccination
Disease transmission, infectious
Global health
Models, biological
Software
Tuberculosis
Tuberculosis, multidrug-resistant},
   ISSN = {1471-2334},
   DOI = {10.1186/s12879-017-2648-6},
   url = {https://www.ncbi.nlm.nih.gov/pubmed/28784094},
   year = {2017},
   type = {Journal Article}
}

@article{trauer-2021-c,
   author = {Trauer, James M. and Williams, Bridget and Laemmle-Ruff, Ingrid and Horyniak, Danielle and Caplice, Lila V. Soares and McBryde, Emma S. and Majumdar, Suman S. and Graham, Stephen M. and Hellard, Margaret E.},
   title = {Tuberculosis in migrants to Australia: Outcomes of a national screening program},
   journal = {The Lancet Regional Health – Western Pacific},
   volume = {10},
   ISSN = {2666-6065},
   DOI = {10.1016/j.lanwpc.2021.100135},
   url = {https://doi.org/10.1016/j.lanwpc.2021.100135},
   year = {2021},
   type = {Journal Article}
}

@article{vaughan-2013,
   author = {Vaughan, T. G. and Drummond, A. J.},
   title = {A stochastic simulator of birth-death master equations with application to phylodynamics},
   journal = {Mol Biol Evol},
   volume = {30},
   number = {6},
   pages = {1480-93},
   note = {Vaughan, Timothy G
Drummond, Alexei J
eng
Research Support, Non-U.S. Gov't
Mol Biol Evol. 2013 Jun;30(6):1480-93. doi: 10.1093/molbev/mst057. Epub 2013 Mar 16.},
   keywords = {Algorithms
Animals
Computer Simulation
Epidemiology
Genetics, Population/*methods
Host-Pathogen Interactions
Kinetics
*Models, Genetic
*Phylogeny
Stochastic Processes
Virus Diseases/*epidemiology
chemical kinetics simulation
epidemic modeling
phylogenetic trees
population genetics
stochastic simulation},
   ISSN = {1537-1719 (Electronic)
0737-4038 (Linking)},
   DOI = {10.1093/molbev/mst057},
   url = {https://www.ncbi.nlm.nih.gov/pubmed/23505043},
   year = {2013},
   type = {Journal Article}
}

@article{veneti-2022,
   author = {Veneti, L. and Bøås, H. and Bråthen Kristoffersen, A. and Stålcrantz, J. and Bragstad, K. and Hungnes, O. and Storm, M. L. and Aasand, N. and Rø, G. and Starrfelt, J. and Seppälä, E. and Kvåle, R. and Vold, L. and Nygård, K. and Buanes, E. A. and Whittaker, R.},
   title = {Reduced risk of hospitalisation among reported COVID-19 cases infected with the SARS-CoV-2 Omicron BA.1 variant compared with the Delta variant, Norway, December 2021 to January 2022},
   journal = {Euro Surveill},
   volume = {27},
   number = {4},
   note = {1560-7917
Veneti, Lamprini
Bøås, Håkon
Bråthen Kristoffersen, Anja
Stålcrantz, Jeanette
Bragstad, Karoline
Hungnes, Olav
Storm, Margrethe Larsdatter
Aasand, Nina
Rø, Gunnar
Starrfelt, Jostein
Seppälä, Elina
Kvåle, Reidar
Vold, Line
Nygård, Karin
Buanes, Eirik Alnes
Whittaker, Robert
Journal Article
Euro Surveill. 2022 Jan;27(4):2200077. doi: 10.2807/1560-7917.ES.2022.27.4.2200077.},
   keywords = {*covid-19
Hospitalization
Humans
Proportional Hazards Models
SARS-CoV-2
*b.1.1.529
*Delta
*Norway
*Omicron
*hospitalisation},
   ISSN = {1025-496X (Print)
1025-496x},
   DOI = {10.2807/1560-7917.Es.2022.27.4.2200077},
   year = {2022},
   type = {Journal Article}
}

@article{verity-2020,
   author = {Verity, Robert and Okell, Lucy C. and Dorigatti, Ilaria and Winskill, Peter and Whittaker, Charles and Imai, Natsuko and Cuomo-Dannenburg, Gina and Thompson, Hayley and Walker, Patrick G. T. and Fu, Han and Dighe, Amy and Griffin, Jamie T. and Baguelin, Marc and Bhatia, Sangeeta and Boonyasiri, Adhiratha and Cori, Anne and Cucunubá, Zulma and FitzJohn, Rich and Gaythorpe, Katy and Green, Will and Hamlet, Arran and Hinsley, Wes and Laydon, Daniel and Nedjati-Gilani, Gemma and Riley, Steven and van Elsland, Sabine and Volz, Erik and Wang, Haowei and Wang, Yuanrong and Xi, Xiaoyue and Donnelly, Christl A. and Ghani, Azra C. and Ferguson, Neil M.},
   title = {Estimates of the severity of coronavirus disease 2019: a model-based analysis},
   journal = {The Lancet. Infectious diseases},
   volume = {0},
   number = {0},
   DOI = {10.1016/S1473-3099(20)30243-7},
   year = {2020},
   type = {Journal Article}
}

@article{vlachos-2021,
   author = {Vlachos, Jonas and Hertegård, Edvin and Svaleryd, Helena B.},
   title = {The effects of school closures on SARS-CoV-2 among parents and teachers},
   journal = {Proceedings of the National Academy of Sciences of the United States of America},
   volume = {118},
   number = {9},
   keywords = {COVID-19
SARS-CoV-2
School closures
Social distancing},
   DOI = {10.1073/pnas.2020834118},
   url = {https://www.pnas.org/lookup/suppl/},
   year = {2021},
   type = {Journal Article}
}

@article{walker-2020,
   author = {Walker, Patrick G. T. and Whittaker, Charles and Watson, Oliver J. and Baguelin, Marc and Winskill, Peter and Hamlet, Arran and Djafaara, Bimandra A. and Cucunubá, Zulma and Olivera Mesa, Daniela and Green, Will and Thompson, Hayley and Nayagam, Shevanthi and Ainslie, Kylie E. C. and Bhatia, Sangeeta and Bhatt, Samir and Boonyasiri, Adhiratha and Boyd, Olivia and Brazeau, Nicholas F. and Cattarino, Lorenzo and Cuomo-Dannenburg, Gina and Dighe, Amy and Donnelly, Christl A. and Dorigatti, Ilaria and van Elsland, Sabine L. and FitzJohn, Rich and Fu, Han and Gaythorpe, Katy A. M. and Geidelberg, Lily and Grassly, Nicholas and Haw, David and Hayes, Sarah and Hinsley, Wes and Imai, Natsuko and Jorgensen, David and Knock, Edward and Laydon, Daniel and Mishra, Swapnil and Nedjati-Gilani, Gemma and Okell, Lucy C. and Unwin, H. Juliette and Verity, Robert and Vollmer, Michaela and Walters, Caroline E. and Wang, Haowei and Wang, Yuanrong and Xi, Xiaoyue and Lalloo, David G. and Ferguson, Neil M. and Ghani, Azra C.},
   title = {The impact of COVID-19 and strategies for mitigation and suppression in low- and middle-income countries},
   journal = {Science},
   volume = {369},
   number = {6502},
   pages = {413},
   DOI = {10.1126/science.abc0035},
   url = {http://science.sciencemag.org/content/369/6502/413.abstract},
   year = {2020},
   type = {Journal Article}
}

@article{willem-2017,
   author = {Willem, Lander and Verelst, Frederik and Bilcke, Joke and Hens, Niel and Beutels, Philippe},
   title = {Lessons from a decade of individual-based models for infectious disease transmission: a systematic review (2006-2015)},
   journal = {BMC Infectious Diseases},
   volume = {17},
   number = {1},
   pages = {612},
   ISSN = {1471-2334},
   DOI = {10.1186/s12879-017-2699-8},
   url = {https://doi.org/10.1186/s12879-017-2699-8},
   year = {2017},
   type = {Journal Article}
}

@article{wirth-2022,
   author = {Wirth, Wytamma and Duchene, Sebastian},
   title = {Real-Time and Remote MCMC Trace Inspection with Beastiary},
   journal = {Molecular Biology and Evolution},
   volume = {39},
   number = {5},
   pages = {msac095},
   ISSN = {1537-1719},
   DOI = {10.1093/molbev/msac095},
   url = {https://doi.org/10.1093/molbev/msac095},
   year = {2022},
   type = {Journal Article}
}

@article{wolter-2022b,
   author = {Wolter, Nicole and Jassat, Waasila and von Gottberg, Anne and Cohen, Cheryl},
   title = {Clinical severity of Omicron sub-lineage BA.2 compared to BA.1 in South Africa},
   journal = {medRxiv},
   pages = {2022.02.17.22271030},
   DOI = {10.1101/2022.02.17.22271030},
   url = {http://medrxiv.org/content/early/2022/02/19/2022.02.17.22271030.abstract},
   year = {2022},
   type = {Journal Article}
}

@article{wolter-2022a,
   author = {Wolter, Nicole and Jassat, Waasila and Walaza, Sibongile and Welch, Richard and Moultrie, Harry and Groome, Michelle and Amoako, Daniel Gyamfi and Everatt, Josie and Bhiman, Jinal N. and Scheepers, Cathrine and Tebeila, Naume and Chiwandire, Nicola and du Plessis, Mignon and Govender, Nevashan and Ismail, Arshad and Glass, Allison and Mlisana, Koleka and Stevens, Wendy and Treurnicht, Florette K. and Makatini, Zinhle and Hsiao, Nei-yuan and Parboosing, Raveen and Wadula, Jeannette and Hussey, Hannah and Davies, Mary-Ann and Boulle, Andrew and von Gottberg, Anne and Cohen, Cheryl},
   title = {Early assessment of the clinical severity of the SARS-CoV-2 omicron variant in South Africa: a data linkage study},
   journal = {The Lancet},
   volume = {399},
   number = {10323},
   pages = {437-446},
   ISSN = {0140-6736},
   DOI = {https://doi.org/10.1016/S0140-6736(22)00017-4},
   url = {https://www.sciencedirect.com/science/article/pii/S0140673622000174},
   year = {2022},
   type = {Journal Article}
}

<<<<<<< HEAD
=======
@article{yu-2022,
   author = {Yu, Yangyang and Liu, Yuan and Zhao, Shi and He, Daihai},
   title = {A simple model to estimate the transmissibility of the Beta, Delta, and Omicron variants of SARS-COV-2 in South Africa},
   journal = {Mathematical Biosciences and Engineering},
   volume = {19},
   number = {10},
   pages = {10361-10373},
   keywords = {COVID-19
SARS-COV-2
Beta variant
Delta variant
Omicron variant
mathematical modelling
South Africa},
   ISSN = {1551-0018},
   DOI = {10.3934/mbe.2022485},
   url = {https://www.aimspress.com/article/doi/10.3934/mbe.2022485},
   year = {2022},
   type = {Journal Article}
}

>>>>>>> master
@article{zacheron-2021-a,
   author = {Zachreson, Cameron and Chang, Sheryl L. and Cliff, Oliver M. and Prokopenko, Mikhail},
   title = {How will mass-vaccination change COVID-19 lockdown requirements in Australia?},
   journal = {The Lancet Regional Health – Western Pacific},
   volume = {14},
   ISSN = {2666-6065},
   DOI = {10.1016/j.lanwpc.2021.100224},
   url = {https://doi.org/10.1016/j.lanwpc.2021.100224},
   year = {2021},
   type = {Journal Article}
}

@article{zachreson-2020,
   author = {Zachreson, Cameron and Fair, Kristopher M. and Harding, Nathan and Prokopenko, Mikhail},
   title = {Interfering with influenza: nonlinear coupling of reactive and static mitigation strategies},
   journal = {Journal of The Royal Society Interface},
   volume = {17},
   number = {165},
   pages = {20190728},
   DOI = {10.1098/rsif.2019.0728},
   url = {https://doi.org/10.1098/rsif.2019.0728},
   year = {2020},
   type = {Journal Article}
}

@article{zachreson-2018,
   author = {Zachreson, Cameron and Fair Kristopher, M. and Cliff Oliver, M. and Harding, Nathan and Piraveenan, Mahendra and Prokopenko, Mikhail},
   title = {Urbanization affects peak timing, prevalence, and bimodality of influenza pandemics in Australia: Results of a census-calibrated model},
   journal = {Science Advances},
   volume = {4},
   number = {12},
   pages = {eaau5294},
   DOI = {10.1126/sciadv.aau5294},
   url = {https://doi.org/10.1126/sciadv.aau5294},
   year = {2018},
   type = {Journal Article}
}

@article{zachreson-2021-c,
   author = {Zachreson, Cameron and Martino, Erika and Tomko, Martin and Shearer, Freya M. and Bentley, Rebecca and Geard, Nicholas},
   title = {Mapping home internet activity during COVID-19 lockdown to identify occupation related inequalities},
   journal = {Scientific Reports},
   volume = {11},
   number = {1},
   pages = {21054},
   ISSN = {2045-2322},
   DOI = {10.1038/s41598-021-00553-7},
   url = {https://doi.org/10.1038/s41598-021-00553-7},
   year = {2021},
   type = {Journal Article}
}

@article{zachreson-2021-b,
   author = {Zachreson, Cameron and Mitchell, Lewis and Lydeamore, Michael J. and Rebuli, Nicolas and Tomko, Martin and Geard, Nicholas},
   title = {Risk mapping for COVID-19 outbreaks in Australia using mobility data},
   journal = {Journal of The Royal Society Interface},
   volume = {18},
   number = {174},
   pages = {20200657},
   DOI = {10.1098/rsif.2020.0657},
   url = {https://doi.org/10.1098/rsif.2020.0657},
   year = {2021},
   type = {Journal Article}
}

@article{zachreson-2022,
   author = {Zachreson, Cameron and Shearer Freya, M. and Price David, J. and Lydeamore Michael, J. and McVernon, Jodie and McCaw, James and Geard, Nicholas},
   title = {COVID-19 in low-tolerance border quarantine systems: Impact of the Delta variant of SARS-CoV-2},
   journal = {Science Advances},
   volume = {8},
   number = {14},
   pages = {eabm3624},
   DOI = {10.1126/sciadv.abm3624},
   url = {https://doi.org/10.1126/sciadv.abm3624},
   year = {2022},
   type = {Journal Article}
}

@article{zhang-2020-a,
   author = {Zhang, J. and Litvinova, M. and Liang, Y. and Wang, Y. and Wang, W. and Zhao, S. and Wu, Q. and Merler, S. and Viboud, C. and Vespignani, A. and Ajelli, M. and Yu, H.},
   title = {Changes in contact patterns shape the dynamics of the COVID-19 outbreak in China},
   journal = {Science},
   volume = {368},
   number = {6498},
   pages = {1481-1486},
   keywords = {Adolescent
Adult
Age Factors
Aged
Behavior
Betacoronavirus
COVID-19
Child
Child, Preschool
China
Communicable Disease Control
Contact Tracing
Coronavirus Infections
Disease Outbreaks
Disease Susceptibility
Female
Humans
Infant
Male
Middle Aged
Models, Theoretical
Pandemics
Pneumonia, Viral
SARS-CoV-2
Schools
Workplace
Young Adult},
   ISSN = {1095-9203},
   DOI = {10.1126/science.abb8001},
   url = {https://www.ncbi.nlm.nih.gov/pubmed/32350060},
   year = {2020},
   type = {Journal Article}
}

@article{zhang-2020-b,
   author = {Zhang, J. and Litvinova, M. and Wang, W. and Wang, Y. and Deng, X. and Chen, X. and Li, M. and Zheng, W. and Yi, L. and Wu, Q. and Liang, Y. and Wang, X. and Yang, J. and Sun, K. and Longini, I. M. and Halloran, M. E. and Wu, P. and Cowling, B. J. and Merler, S. and Viboud, C. and Vespignani, A. and Ajelli, M. and Yu, H.},
   title = {Evolving epidemiology and transmission dynamics of coronavirus disease 2019 outside Hubei province, China: a descriptive and modelling study},
   journal = {Lancet Infect Dis},
   volume = {20},
   number = {7},
   pages = {793-802},
   keywords = {Adolescent
Adult
Aged
Aged, 80 and over
Betacoronavirus
COVID-19
Child
Child, Preschool
China
Coronavirus Infections
Female
Humans
Infant
Male
Middle Aged
Models, Biological
Pandemics
Pneumonia, Viral
SARS-CoV-2
Young Adult},
   ISSN = {1474-4457},
   DOI = {10.1016/S1473-3099(20)30230-9},
   url = {https://www.ncbi.nlm.nih.gov/pubmed/32247326},
   year = {2020},
   type = {Journal Article}
}

@article{zhang-2020-c,
   author = {Zhang, Lei and Tao, Yusha and Zhuang, Guihua and Fairley, Christopher K.},
   title = {Characteristics Analysis and Implications on the COVID-19 Reopening of Victoria, Australia},
   journal = {The Innovation},
   volume = {1},
   number = {3},
   pages = {100049-100049},
   DOI = {10.1016/j.xinn.2020.100049},
   url = {/pmc/articles/PMC7527351/
https://www.ncbi.nlm.nih.gov/pmc/articles/PMC7527351/},
   year = {2020},
   type = {Journal Article}
}

@article{zhang-2020-d,
   author = {Zhang, Renyi and Li, Yixin and Zhang, Annie L. and Wang, Yuan and Molina, Mario J.},
   title = {Identifying airborne transmission as the dominant route for the spread of COVID-19},
   journal = {Proceedings of the National Academy of Sciences of the United States of America},
   volume = {117},
   number = {26},
   pages = {14857-14863},
   keywords = {Aerosol
COVID-19
Pandemic
Public health
Virus},
   DOI = {10.1073/pnas.2009637117},
   url = {www.pnas.org/cgi/doi/10.1073/pnas.2009637117},
   year = {2020},
   type = {Journal Article}
}

@article{zou-2022,
   author = {Zou, Jing and Kurhade, Chaitanya and Xia, Hongjie and Liu, Mingru and Xie, Xuping and Ren, Ping and Shi, Pei-Yong},
   title = {Cross-neutralization of Omicron BA.1 against BA.2 and BA.3 SARS-CoV-2},
   journal = {Nature Communications},
   volume = {13},
   number = {1},
   pages = {2956},
   ISSN = {2041-1723},
   DOI = {10.1038/s41467-022-30580-5},
   url = {https://doi.org/10.1038/s41467-022-30580-5},
   year = {2022},
   type = {Journal Article}
}

