@article{Adekunle-2020,
   author = {Adekunle, Adeshina and Meehan, Michael and Rojas-Alvarez, Diana and Trauer, J. M. and McBryde, E. S.},
   title = {Delaying the COVID-19 epidemic in Australia: evaluating the effectiveness of international travel bans},
   journal = {Australian and New Zealand Journal of Public Health},
   volume = {44},
   number = {4},
   pages = {257-259},
   DOI = {10.1111/1753-6405.13016},
   url = {https://pubmed.ncbi.nlm.nih.gov/32697418/},
   year = {2020},
   type = {Journal Article}
}

@article{Baillie-2021,
   author = {Baillie, J Kenneth and Beane, Abigail and Blumberg, Lucille and Bozza, Fernando and Fowler, Robert A. and Garcia Barrio, Noelia and Hashmi, Madiha and Jassat, Waasila and Laouenan, Cedric and Mentre, France and Merson, Laura and Munblit, Daniel and Murthy, Srinivas and Nekliudov, Nikita A. and Oinam, Budhacharan Singh and Panda, Prasan Kumar and Pedrera Jimenez, Miguel and Ramos, Grazielle Viana and Semple, Malcolm Gracie and Sim Lim Heng, Benedict and Wong, Xin Ci},
   title = {ISARIC Clinical Data Report 8 April 2021},
   journal = {medRxiv},
   pages = {2020.07.17.20155218},
   url = {https://www.medrxiv.org/content/10.1101/2020.07.17.20155218v8.full.pdf},
   year = {2021},
   type = {Journal Article}
}

@article{Barlow-2021,
   author = {Barlow, Pepita and van Schalkwyk, May C. I. and McKee, Martin and Labonté, Ron and Stuckler, David},
   title = {COVID-19 and the collapse of global trade: building an effective public health response},
   journal = {The Lancet Planetary Health},
   volume = {5},
   number = {2},
   pages = {e102-e107},
   DOI = {10.1016/S2542-5196(20)30291-6},
   url = {www.thelancet.com/},
   year = {2021},
   type = {Journal Article}
}

@article{Bavli-2020,
   author = {Bavli, Itai and Sutton, Brent and Galea, Sandro},
   title = {Harms of public health interventions against covid-19 must not be ignored},
   journal = {The BMJ},
   volume = {371},
   DOI = {10.1136/bmj.m4074},
   url = {http://dx.doi.org/10.1136/bmj.m4074},
   year = {2020},
   type = {Journal Article}
}

@article{Bi-2020,
   author = {Bi, Q. and Wu, Y. and Mei, S. and Ye, C. and Zou, X. and Zhang, Z. and Liu, X. and Wei, L. and Truelove, S. A. and Zhang, T. and Gao, W. and Cheng, C. and Tang, X. and Wu, X. and Sun, B. and Huang, S. and Sun, Y. and Zhang, J. and Ma, T. and Lessler, J. and Feng, T.},
   title = {Epidemiology and transmission of COVID-19 in 391 cases and 1286 of their close contacts in Shenzhen, China: a retrospective cohort study},
   journal = {Lancet Infect Dis},
   volume = {20},
   number = {8},
   pages = {911-919},
   ISSN = {1474-4457},
   DOI = {10.1016/S1473-3099(20)30287-5},
   url = {https://www.ncbi.nlm.nih.gov/pubmed/32353347},
   year = {2020},
   type = {Journal Article}
}

@article{Blakely-2021,
   author = {Blakely, Tony and Thompson, Jason and Bablani, Laxman and Andersen, Patrick and Ouakrim, Driss Ait and Carvalho, Natalie and Abraham, Patrick and Boujaoude, Marie-Anne and Katar, Ameera and Akpan, Edifofon and Wilson, Nick and Stevenson, Mark},
   title = {Determining the optimal COVID-19 policy response using agent-based modelling linked to health and cost modelling: Case study for Victoria, Australia},
   journal = {medRxiv},
   pages = {2021.01.11.21249630},
   DOI = {10.1101/2021.01.11.21249630},
   url = {http://medrxiv.org/content/early/2021/03/10/2021.01.11.21249630.abstract},
   year = {2021},
   type = {Journal Article}
}

@article{Blakely-2020,
   author = {Blakely, Tony and Thompson, Jason and Carvalho, Natalie and Bablani, Laxman and Wilson, Nick and Stevenson, Mark},
   title = {The probability of the 6-week lockdown in Victoria (commencing 9 July 2020) achieving elimination of community transmission of SARS-CoV-2},
   journal = {Medical Journal of Australia},
   volume = {213},
   number = {8},
   pages = {349-351.e1},
   DOI = {10.5694/mja2.50786},
   url = {https://www.mja.com.au/journal/2020/probability-6-week-lockdown-victoria-commencing-9-july-2020-achieving-elimination},
   year = {2020},
   type = {Journal Article}
}

@article{Bundgaard-2021,
   author = {Bundgaard, Henning and Bundgaard, Johan Skov and Raaschou-Pedersen, Daniel Emil Tadeusz and von Buchwald, Christian and Todsen, Tobias and Norsk, Jakob Boesgaard and Pries-Heje, Mia M. and Vissing, Christoffer Rasmus and Nielsen, Pernille B. and Winsløw, Ulrik C. and Fogh, Kamille and Hasselbalch, Rasmus and Kristensen, Jonas H. and Ringgaard, Anna and Porsborg Andersen, Mikkel and Goecke, Nicole Bakkegård and Trebbien, Ramona and Skovgaard, Kerstin and Benfield, Thomas and Ullum, Henrik and Torp-Pedersen, Christian and Iversen, Kasper},
   title = {Effectiveness of Adding a Mask Recommendation to Other Public Health Measures to Prevent SARS-CoV-2 Infection in Danish Mask Wearers : A Randomized Controlled Trial},
   journal = {Annals of internal medicine},
   volume = {174},
   number = {3},
   pages = {335-343},
   DOI = {10.7326/M20-6817},
   url = {https://www.acpjournals.org/doi/10.7326/M20-6817},
   year = {2021},
   type = {Journal Article}
}

@article{Byrne-2020,
   author = {Byrne, A. W. and McEvoy, D. and Collins, A. B. and Hunt, K. and Casey, M. and Barber, A. and Butler, F. and Griffin, J. and Lane, E. A. and McAloon, C. and O'Brien, K. and Wall, P. and Walsh, K. A. and More, S. J.},
   title = {Inferred duration of infectious period of SARS-CoV-2: rapid scoping review and analysis of available evidence for asymptomatic and symptomatic COVID-19 cases},
   journal = {BMJ Open},
   volume = {10},
   number = {8},
   pages = {e039856},
   ISSN = {2044-6055},
   DOI = {10.1136/bmjopen-2020-039856},
   url = {https://www.ncbi.nlm.nih.gov/pubmed/32759252},
   year = {2020},
   type = {Journal Article}
}

@article{Caldwell-2021,
   author = {Caldwell, Jamie M. and de Lara-Tuprio, Elvira and Teng, Timothy Robin and Estuar, Maria Regina Justina E. and Sarmiento, Raymond Francis R. and Abayawardana, Milinda and Leong, Robert Neil F. and Gray, Richard T. and Wood, James G. and Le, Linh-Vi and McBryde, Emma S. and Ragonnet, Romain and Trauer, James M.},
   title = {Understanding COVID-19 dynamics and the effects of interventions in the Philippines: A mathematical modelling study},
   journal = {The Lancet Regional Health – Western Pacific},
   volume = {14},
   ISSN = {2666-6065},
   DOI = {10.1016/j.lanwpc.2021.100211},
   url = {https://doi.org/10.1016/j.lanwpc.2021.100211},
   year = {2021},
   type = {Journal Article}
}

@article{Carlson-2020,
   author = {Carlson, Colin J. and Gomez, Ana C. R. and Bansal, Shweta and Ryan, Sadie J.},
   title = {Misconceptions about weather and seasonality must not misguide COVID-19 response},
   journal = {Nature Communications},
   volume = {11},
   number = {1},
   pages = {1-4},
   DOI = {10.1038/s41467-020-18150-z},
   url = {https://doi.org/10.1038/s41467-020-18150-z},
   year = {2020},
   type = {Journal Article}
}

@article{Chu-2020,
   author = {Chu, Derek K. and Akl, Elie A. and Duda, Stephanie and Solo, Karla and Yaacoub, Sally and Schünemann, Holger J. and Chu, Derek K. and Akl, Elie A. and El-harakeh, Amena and Bognanni, Antonio and Lotfi, Tamara and Loeb, Mark and Hajizadeh, Anisa and Bak, Anna and Izcovich, Ariel and Cuello-Garcia, Carlos A. and Chen, Chen and Harris, David J. and Borowiack, Ewa and Chamseddine, Fatimah and Schünemann, Finn and Morgano, Gian Paolo and Muti Schünemann, Giovanna E. U. and Chen, Guang and Zhao, Hong and Neumann, Ignacio and Chan, Jeffrey and Khabsa, Joanne and Hneiny, Layal and Harrison, Leila and Smith, Maureen and Rizk, Nesrine and Giorgi Rossi, Paolo and AbiHanna, Pierre and El-khoury, Rayane and Stalteri, Rosa and Baldeh, Tejan and Piggott, Thomas and Zhang, Yuan and Saad, Zahra and Khamis, Assem and Reinap, Marge and Duda, Stephanie and Solo, Karla and Yaacoub, Sally and Schünemann, Holger J.},
   title = {Physical distancing, face masks, and eye protection to prevent person-to-person transmission of SARS-CoV-2 and COVID-19: a systematic review and meta-analysis},
   journal = {The Lancet},
   volume = {395},
   number = {10242},
   pages = {1973-1987},
   ISSN = {0140-6736},
   DOI = {10.1016/S0140-6736(20)31142-9},
   url = {https://doi.org/10.1016/S0140-6736(20)31142-9},
   year = {2020},
   type = {Journal Article}
}

@article{Coatsworth-2021,
   author = {Coatsworth, Nicholas and Myles, Paul S. and Mann, Graham J. and Cockburn, Ian A. and Forbes, Andrew B. and Gardiner, Elizabeth E. and Lum, Gary and Cheng, Allen C. and Gruen, Russell L. and the, Sars-CoV-Testing in Elective Surgery Collaborators},
   title = {Prevalence of asymptomatic SARS-CoV-2 infection in elective surgical patients in Australia: a prospective surveillance study},
   journal = {ANZ Journal of Surgery},
   volume = {91},
   number = {1-2},
   pages = {27-32},
   ISSN = {1445-1433},
   DOI = {https://doi.org/10.1111/ans.16564},
   url = {https://doi.org/10.1111/ans.16564},
   year = {2021},
   type = {Journal Article}
}

@article{Cousins-2020,
   author = {Cousins, Sophie},
   title = {Experts criticise Australia's aged care failings over COVID-19},
   journal = {The Lancet},
   volume = {396},
   number = {10259},
   pages = {1322-1323},
   ISSN = {0140-6736},
   DOI = {10.1016/S0140-6736(20)32206-6},
   url = {https://doi.org/10.1016/S0140-6736(20)32206-6},
   year = {2020},
   type = {Journal Article}
}

@article{Dale-2021,
   author = {Dale, K. D. and Abayawardana, M. J. and McBryde, E. S. and Trauer, J. M. and Carvalho, N.},
   title = {Modelling the Cost-Effectiveness of Latent Tuberculosis Screening and Treatment Strategies in Recent Migrants to a Low Incidence Setting},
   journal = {Am J Epidemiol},
   ISSN = {1476-6256 (Electronic)
0002-9262 (Linking)},
   DOI = {10.1093/aje/kwab150},
   url = {https://www.ncbi.nlm.nih.gov/pubmed/34017976
https://academic.oup.com/aje/advance-article-abstract/doi/10.1093/aje/kwab150/6279409?redirectedFrom=fulltext},
   year = {2021},
   type = {Journal Article}
}

@article{Davies-2020,
   author = {Davies, Nicholas G. and Klepac, Petra and Liu, Yang and Prem, Kiesha and Jit, Mark and Eggo, Rosalind M.},
   title = {Age-dependent effects in the transmission and control of COVID-19 epidemics},
   journal = {medRxiv},
   pages = {2020.03.24.20043018-2020.03.24.20043018},
   DOI = {10.1101/2020.03.24.20043018},
   url = {http://medrxiv.org/content/early/2020/03/27/2020.03.24.20043018.abstract},
   year = {2020},
   type = {Journal Article}
}

@article{Dehning-2020,
   author = {Dehning, Jonas and Zierenberg, Johannes and Spitzner, F. Paul and Wibral, Michael and Neto, Joao Pinheiro and Wilczek, Michael and Priesemann, Viola},
   title = {Inferring change points in the spread of COVID-19 reveals the effectiveness of interventions},
   journal = {Science},
   volume = {369},
   number = {6500},
   DOI = {10.1126/science.abb9789},
   url = {https://pubmed.ncbi.nlm.nih.gov/32414780/},
   year = {2020},
   type = {Journal Article}
}

@article{Faria-2021,
   author = {Faria, N. R. and Mellan, T. A. and Whittaker, C. and Claro, I. M. and Candido, D. D. S. and Mishra, S. and Crispim, M. A. E. and Sales, F. C. S. and Hawryluk, I. and McCrone, J. T. and Hulswit, R. J. G. and Franco, L. A. M. and Ramundo, M. S. and de Jesus, J. G. and Andrade, P. S. and Coletti, T. M. and Ferreira, G. M. and Silva, C. A. M. and Manuli, E. R. and Pereira, R. H. M. and Peixoto, P. S. and Kraemer, M. U. G. and Gaburo, N., Jr. and Camilo, C. D. C. and Hoeltgebaum, H. and Souza, W. M. and Rocha, E. C. and de Souza, L. M. and de Pinho, M. C. and Araujo, L. J. T. and Malta, F. S. V. and de Lima, A. B. and Silva, J. D. P. and Zauli, D. A. G. and Ferreira, A. C. S. and Schnekenberg, R. P. and Laydon, D. J. and Walker, P. G. T. and Schlüter, H. M. and Dos Santos, A. L. P. and Vidal, M. S. and Del Caro, V. S. and Filho, R. M. F. and Dos Santos, H. M. and Aguiar, R. S. and Proença-Modena, J. L. and Nelson, B. and Hay, J. A. and Monod, M. and Miscouridou, X. and Coupland, H. and Sonabend, R. and Vollmer, M. and Gandy, A. and Prete, C. A., Jr. and Nascimento, V. H. and Suchard, M. A. and Bowden, T. A. and Pond, S. L. K. and Wu, C. H. and Ratmann, O. and Ferguson, N. M. and Dye, C. and Loman, N. J. and Lemey, P. and Rambaut, A. and Fraiji, N. A. and Carvalho, Mdpss and Pybus, O. G. and Flaxman, S. and Bhatt, S. and Sabino, E. C.},
   title = {Genomics and epidemiology of the P.1 SARS-CoV-2 lineage in Manaus, Brazil},
   journal = {Science},
   volume = {372},
   number = {6544},
   pages = {815-821},
   ISSN = {0036-8075 (Print)
0036-8075},
   DOI = {10.1126/science.abh2644},
   year = {2021},
   type = {Journal Article}
}

@article{Fisman-2021,
   author = {Fisman, David N. and Tuite, Ashleigh R.},
   title = {Evaluation of the relative virulence of novel SARS-CoV-2 variants: a retrospective cohort study in Ontario, Canada},
   journal = {Canadian Medical Association Journal},
   volume = {193},
   number = {42},
   pages = {E1619},
   DOI = {10.1503/cmaj.211248},
   url = {http://www.cmaj.ca/content/193/42/E1619.abstract},
   year = {2021},
   type = {Journal Article}
}

@article{Flaxman-2020,
   author = {Flaxman, Seth and Mishra, Swapnil and Gandy, Axel and Unwin, H. Juliette T. and Mellan, Thomas A. and Coupland, Helen and Whittaker, Charles and Zhu, Harrison and Berah, Tresnia and Eaton, Jeffrey W. and Monod, Mélodie and Perez-Guzman, Pablo N. and Schmit, Nora and Cilloni, Lucia and Ainslie, Kylie E. C. and Baguelin, Marc and Boonyasiri, Adhiratha and Boyd, Olivia and Cattarino, Lorenzo and Cooper, Laura V. and Cucunubá, Zulma and Cuomo-Dannenburg, Gina and Dighe, Amy and Djaafara, Bimandra and Dorigatti, Ilaria and van Elsland, Sabine L. and FitzJohn, Richard G. and Gaythorpe, Katy A. M. and Geidelberg, Lily and Grassly, Nicholas C. and Green, William D. and Hallett, Timothy and Hamlet, Arran and Hinsley, Wes and Jeffrey, Ben and Knock, Edward and Laydon, Daniel J. and Nedjati-Gilani, Gemma and Nouvellet, Pierre and Parag, Kris V. and Siveroni, Igor and Thompson, Hayley A. and Verity, Robert and Volz, Erik and Walters, Caroline E. and Wang, Haowei and Wang, Yuanrong and Watson, Oliver J. and Winskill, Peter and Xi, Xiaoyue and Walker, Patrick G. T. and Ghani, Azra C. and Donnelly, Christl A. and Riley, Steven and Vollmer, Michaela A. C. and Ferguson, Neil M. and Okell, Lucy C. and Bhatt, Samir},
   title = {Estimating the effects of non-pharmaceutical interventions on COVID-19 in Europe},
   journal = {Nature},
   volume = {584},
   number = {7820},
   pages = {257-261},
   DOI = {10.1038/s41586-020-2405-7},
   url = {https://pubmed.ncbi.nlm.nih.gov/32512579/},
   year = {2020},
   type = {Journal Article}
}

@article{Giles-2020,
   author = {Giles, Michelle L. and Wallace, Euan M. and Alpren, Charles and Brady, Nicole and Crouch, Simon and Romanes, Finn and Sutton, Brett and Cheng, Allen},
   title = {Suppression of SARS-CoV-2 after a second wave in Victoria, Australia},
   journal = {Clinical Infectious Diseases},
   DOI = {10.1093/cid/ciaa1882},
   url = {/pmc/articles/PMC7799206/?report=abstract
https://www.ncbi.nlm.nih.gov/pmc/articles/PMC7799206/},
   year = {2020},
   type = {Journal Article}
}

@article{Haario-2001,
   author = {Haario, Heikki and Saksman, Eero and Tamminen, Johanna},
   title = {An adaptive Metropolis algorithm},
   journal = {Bernoulli},
   volume = {7},
   number = {2},
   year = {2001},
   type = {Journal Article}
}

@article{Han-2020,
   author = {Han, Emeline and Tan, Melisa Mei Jin and Turk, Eva and Sridhar, Devi and Leung, Gabriel M. and Shibuya, Kenji and Asgari, Nima and Oh, Juhwan and García-Basteiro, Alberto L. and Hanefeld, Johanna and Cook, Alex R. and Hsu, Li Yang and Teo, Yik Ying and Heymann, David and Clark, Helen and McKee, Martin and Legido-Quigley, Helena},
   title = {Lessons learnt from easing COVID-19 restrictions: an analysis of countries and regions in Asia Pacific and Europe},
   journal = {The Lancet},
   volume = {396},
   number = {10261},
   pages = {1525-1534},
   ISSN = {0140-6736},
   DOI = {10.1016/S0140-6736(20)32007-9},
   url = {https://doi.org/10.1016/S0140-6736(20)32007-9},
   year = {2020},
   type = {Journal Article}
}

@article{He-2020,
   author = {He, X. and Lau, E. H. Y. and Wu, P. and Deng, X. and Wang, J. and Hao, X. and Lau, Y. C. and Wong, J. Y. and Guan, Y. and Tan, X. and Mo, X. and Chen, Y. and Liao, B. and Chen, W. and Hu, F. and Zhang, Q. and Zhong, M. and Wu, Y. and Zhao, L. and Zhang, F. and Cowling, B. J. and Li, F. and Leung, G. M.},
   title = {Temporal dynamics in viral shedding and transmissibility of COVID-19},
   journal = {Nat Med},
   volume = {26},
   number = {5},
   pages = {672-675},
   ISSN = {1546-170X},
   DOI = {10.1038/s41591-020-0869-5},
   url = {https://www.ncbi.nlm.nih.gov/pubmed/32296168},
   year = {2020},
   type = {Journal Article}
}

@article{Huang-2021,
   author = {Huang, Chaolin and Huang, Lixue and Wang, Yeming and Li, Xia and Ren, Lili and Gu, Xiaoying and Kang, Liang and Guo, Li and Liu, Min and Zhou, Xing and Luo, Jianfeng and Huang, Zhenghui and Tu, Shengjin and Zhao, Yue and Chen, Li and Xu, Decui and Li, Yanping and Li, Caihong and Peng, Lu and Li, Yong and Xie, Wuxiang and Cui, Dan and Shang, Lianhan and Fan, Guohui and Xu, Jiuyang and Wang, Geng and Wang, Ying and Zhong, Jingchuan and Wang, Chen and Wang, Jianwei and Zhang, Dingyu and Cao, Bin},
   title = {6-month consequences of COVID-19 in patients discharged from hospital: a cohort study},
   journal = {The Lancet},
   volume = {397},
   number = {10270},
   pages = {220-232},
   DOI = {10.1016/S0140-6736(20)32656-8},
   url = {https://covid19.who.int/},
   year = {2021},
   type = {Journal Article}
}

@article{Hall-2020,
   author = {International Severe Acute Respiratory and emerging Infections Consortium    and Hall   , M and Pritchard   , M and Dankwa   , E and Baillie   , K and Carson   , G and Docherty   , A and Donnelly   , C and Dunning   , J and Fraser   , C and Hardwick   , H and Harrison   , E and Holden   , K and Kennon   , K and Lee, J and Openshaw   , P and Plotkin   , D and Rojek   , A and Russell   , C and Semple   , M and Sigfrid   , L and Horby   , P and Olliaro   , P and Merson, L},
   title = {ISARIC
Clinical Data Report 8 June 2020},
   journal = {medRxiv},
   DOI = {https://doi.org/10.1101/2020.07.17.20155218},
   url = {https://www.medrxiv.org/content/10.1101/2020.07.17.20155218v1.full.pdf},
   year = {2020},
   type = {Journal Article}
}

@article{Jarvis-2020,
   author = {Jarvis, Christopher I. and Van Zandvoort, Kevin and Gimma, Amy and Prem, Kiesha and Auzenbergs, Megan and O'Reilly, Kathleen and Medley, Graham and Emery, Jon C. and Houben, Rein M. G. J. and Davies, Nicholas and Nightingale, Emily S. and Flasche, Stefan and Jombart, Thibaut and Hellewell, Joel and Abbott, Sam and Munday, James D. and Bosse, Nikos I. and Funk, Sebastian and Sun, Fiona and Endo, Akira and Rosello, Alicia and Procter, Simon R. and Kucharski, Adam J. and Russell, Timothy W. and Knight, Gwen and Gibbs, Hamish and Leclerc, Quentin and Quilty, Billy J. and Diamond, Charlie and Liu, Yang and Jit, Mark and Clifford, Samuel and Pearson, Carl A. B. and Eggo, Rosalind M. and Deol, Arminder K. and Klepac, Petra and Rubin, G. James and Edmunds, W. John},
   title = {Quantifying the impact of physical distance measures on the transmission of COVID-19 in the UK},
   journal = {BMC Medicine},
   volume = {18},
   number = {1},
   pages = {124-124},
   DOI = {10.1186/s12916-020-01597-8},
   url = {https://bmcmedicine.biomedcentral.com/articles/10.1186/s12916-020-01597-8},
   year = {2020},
   type = {Journal Article}
}

@article{Jayasundara-2021,
   author = {Jayasundara, P. and Peariasamy, K. M. and Law, K. B. and Abd Rahim, K. N. K. and Lee, S. W. and Ghazali, I. M. M. and Abayawardana, M. and Le, L. V. and Khalaf, R. K. S. and Razali, K. and Le, X. and Chong, Z. L. and McBryde, E. S. and Meehan, M. T. and Caldwell, J. M. and Ragonnet, R. and Trauer, J. M.},
   title = {Sustaining effective COVID-19 control in Malaysia through large-scale vaccination},
   journal = {Epidemics},
   volume = {37},
   pages = {100517},
   ISSN = {1755-4365 (Print)
1878-0067},
   DOI = {10.1016/j.epidem.2021.100517},
   year = {2021},
   type = {Journal Article}
}

@article{Kennedy-2020,
   author = {Kennedy, David S. and Vu, V. K. and Ritchie, Hannah and Bartlein, Rebecca and Rothschild, Oliver and Bausch, Daniel G. and Roser, Max and Seale, Anna C.},
   title = {COVID-19: Identifying countries with indicators of success in responding to the outbreak},
   journal = {Gates Open Research},
   volume = {4},
   pages = {62-62},
   DOI = {10.12688/gatesopenres.13140.1},
   url = {https://doi.org/10.12688/gatesopenres.13140.1},
   year = {2020},
   type = {Journal Article}
}

@article{Kissler-2020,
   author = {Kissler, S. M. and Tedijanto, C. and Goldstein, E. and Grad, Y. H. and Lipsitch, M.},
   title = {Projecting the transmission dynamics of SARS-CoV-2 through the postpandemic period},
   journal = {Science},
   volume = {368},
   number = {6493},
   pages = {860-868},
   ISSN = {1095-9203},
   DOI = {10.1126/science.abb5793},
   url = {https://www.ncbi.nlm.nih.gov/pubmed/32291278},
   year = {2020},
   type = {Journal Article}
}

@article{Kodera-2020,
   author = {Kodera, Sachiko and Rashed, Essam A. and Hirata, Akimasa},
   title = {Correlation between COVID-19 morbidity and mortality rates in Japan and local population density, temperature, and absolute humidity},
   journal = {International Journal of Environmental Research and Public Health},
   volume = {17},
   number = {15},
   pages = {1-14},
   DOI = {10.3390/ijerph17155477},
   url = {https://pubmed.ncbi.nlm.nih.gov/32751311/},
   year = {2020},
   type = {Journal Article}
}

@article{Lau-2021,
   author = {Lau, Jillian S. Y. and Buntine, Paul and Price, Melanie and Darzins, Peteris and Newnham, Evan and Connell, Ailie and Chean, Roy and Edwards, Glenn and Guy, Stephen},
   title = {SARS-CoV-2 seroprevalence in healthcare workers in a tertiary healthcare network in Victoria, Australia},
   journal = {Infection, Disease & Health},
   ISSN = {2468-0451},
   DOI = {10.1016/j.idh.2021.03.004},
   url = {https://doi.org/10.1016/j.idh.2021.03.004},
   year = {2021},
   type = {Journal Article}
}

@article{Lauer-2020,
   author = {Lauer, S. A. and Grantz, K. H. and Bi, Q. and Jones, F. K. and Zheng, Q. and Meredith, H. R. and Azman, A. S. and Reich, N. G. and Lessler, J.},
   title = {The Incubation Period of Coronavirus Disease 2019 (COVID-19) From Publicly Reported Confirmed Cases: Estimation and Application},
   journal = {Ann Intern Med},
   volume = {172},
   number = {9},
   pages = {577-582},
   ISSN = {1539-3704},
   DOI = {10.7326/M20-0504},
   url = {https://www.ncbi.nlm.nih.gov/pubmed/32150748},
   year = {2020},
   type = {Journal Article}
}

@article{Lavine-2021,
   author = {Lavine, Jennie S. and Bjornstad, Ottar N. and Antia, Rustom},
   title = {Immunological characteristics govern the transition of COVID-19 to endemicity},
   journal = {Science},
   volume = {371},
   number = {6530},
   pages = {741},
   DOI = {10.1126/science.abe6522},
   url = {http://science.sciencemag.org/content/371/6530/741.abstract},
   year = {2021},
   type = {Journal Article}
}

@article{Li-2020,
   author = {Li, Q. and Guan, X. and Wu, P. and Wang, X. and Zhou, L. and Tong, Y. and Ren, R. and Leung, K. S. M. and Lau, E. H. Y. and Wong, J. Y. and Xing, X. and Xiang, N. and Wu, Y. and Li, C. and Chen, Q. and Li, D. and Liu, T. and Zhao, J. and Liu, M. and Tu, W. and Chen, C. and Jin, L. and Yang, R. and Wang, Q. and Zhou, S. and Wang, R. and Liu, H. and Luo, Y. and Liu, Y. and Shao, G. and Li, H. and Tao, Z. and Yang, Y. and Deng, Z. and Liu, B. and Ma, Z. and Zhang, Y. and Shi, G. and Lam, T. T. Y. and Wu, J. T. and Gao, G. F. and Cowling, B. J. and Yang, B. and Leung, G. M. and Feng, Z.},
   title = {Early Transmission Dynamics in Wuhan, China, of Novel Coronavirus-Infected Pneumonia},
   journal = {N Engl J Med},
   volume = {382},
   number = {13},
   pages = {1199-1207},
   ISSN = {1533-4406},
   DOI = {10.1056/NEJMoa2001316},
   url = {https://www.ncbi.nlm.nih.gov/pubmed/31995857},
   year = {2020},
   type = {Journal Article}
}

@article{Litton-2020,
   author = {Litton, E. and Bucci, T. and Chavan, S. and Ho, Y. Y. and Holley, A. and Howard, G. and Huckson, S. and Kwong, P. and Millar, J. and Nguyen, N. and Secombe, P. and Ziegenfuss, M. and Pilcher, D.},
   title = {Surge capacity of intensive care units in case of acute increase in demand caused by COVID-19 in Australia},
   journal = {Med J Aust},
   volume = {212},
   number = {10},
   pages = {463-467},
   ISSN = {1326-5377 (Electronic)
0025-729X (Linking)},
   DOI = {10.5694/mja2.50596},
   url = {https://www.ncbi.nlm.nih.gov/pubmed/32306408},
   year = {2020},
   type = {Journal Article}
}

@article{Liu-2009,
   author = {Liu, Y. and Weinberg, M. S. and Ortega, L. S. and Painter, J. A. and Maloney, S. A.},
   title = {Overseas screening for tuberculosis in U.S.-bound immigrants and refugees},
   journal = {N Engl J Med},
   volume = {360},
   number = {23},
   pages = {2406-15},
   ISSN = {1533-4406 (Electronic)
0028-4793 (Linking)},
   DOI = {10.1056/NEJMoa0809497},
   url = {https://www.ncbi.nlm.nih.gov/pubmed/19494216},
   year = {2009},
   type = {Journal Article}
}

@article{Lyngse-2022,
   author = {Lyngse, Frederik Plesner and Kirkeby, Carsten Thure and Denwood, Matthew and Christiansen, Lasse Engbo and Mølbak, Kåre and Møller, Camilla Holten and Skov, Robert Leo and Krause, Tyra Grove and Rasmussen, Morten and Sieber, Raphael Niklaus and Johannesen, Thor Bech and Lillebaek, Troels and Fonager, Jannik and Fomsgaard, Anders and Møller, Frederik Trier and Stegger, Marc and Overvad, Maria and Spiess, Katja and Mortensen, Laust Hvas},
   title = {Transmission of SARS-CoV-2 Omicron VOC subvariants BA.1 and BA.2: Evidence from Danish Households},
   journal = {medRxiv},
   pages = {2022.01.28.22270044},
   DOI = {10.1101/2022.01.28.22270044},
   url = {http://medrxiv.org/content/early/2022/01/30/2022.01.28.22270044.abstract},
   year = {2022},
   type = {Journal Article}
}

@article{McAloon-2020,
   author = {McAloon, C. and Collins, Á and Hunt, K. and Barber, A. and Byrne, A. W. and Butler, F. and Casey, M. and Griffin, J. and Lane, E. and McEvoy, D. and Wall, P. and Green, M. and O'Grady, L. and More, S. J.},
   title = {Incubation period of COVID-19: a rapid systematic review and meta-analysis of observational research},
   journal = {BMJ Open},
   volume = {10},
   number = {8},
   pages = {e039652},
   ISSN = {2044-6055},
   DOI = {10.1136/bmjopen-2020-039652},
   url = {https://www.ncbi.nlm.nih.gov/pubmed/32801208},
   year = {2020},
   type = {Journal Article}
}

@article{Meehan-2020,
   author = {Meehan, M. T. and Rojas, D. P. and Adekunle, A. I. and Adegboye, O. A. and Caldwell, J. M. and Turek, E. and Williams, B. M. and Marais, B. J. and Trauer, J. M. and McBryde, E. S.},
   title = {Modelling insights into the COVID-19 pandemic},
   journal = {Paediatr Respir Rev},
   volume = {35},
   pages = {64-69},
   ISSN = {1526-0550},
   DOI = {10.1016/j.prrv.2020.06.014},
   url = {https://www.ncbi.nlm.nih.gov/pubmed/32680824},
   year = {2020},
   type = {Journal Article}
}

@misc{Mercer-2020,
   volume = {2021},
   number = {15 June},
   url = {https://www.bbc.com/news/world-australia-54654646},
   year = {2020},
   type = {Web Page}
}

@article{Milne-2020,
   author = {Milne, G. and Xie, S. and Poklepovich, D. and O'Halloran, D. and Yap, M. and Whyatt, D.},
   title = {Effectiveness of Second Wave COVID-19 Response Strategies in Australia},
   journal = {medRxiv},
   url = {https://www.medrxiv.org/content/10.1101/2020.11.16.20232843v1},
   year = {2020},
   type = {Journal Article}
}

@article{Mossong-2008,
   author = {Mossong, Joël and Hens, Niel and Jit, Mark and Beutels, Philippe and Auranen, Kari and Mikolajczyk, Rafael and Massari, Marco and Salmaso, Stefania and Tomba, Gianpaolo Scalia and Wallinga, Jacco and Heijne, Janneke and Sadkowska-Todys, Malgorzata and Rosinska, Magdalena and Edmunds, W. John},
   title = {Social Contacts and Mixing Patterns Relevant to the Spread of Infectious Diseases},
   journal = {PLOS Medicine},
   volume = {5},
   number = {3},
   pages = {e74},
   DOI = {10.1371/journal.pmed.0050074},
   url = {https://doi.org/10.1371/journal.pmed.0050074},
   year = {2008},
   type = {Journal Article}
}

@misc{Murray-Atfield-2020,
   volume = {2021},
   number = {15 June},
   url = {https://www.abc.net.au/news/2020-08-02/victoria-coronavirus-restrictions-imposed-death-toll-cases-rise/12515914},
   year = {2020},
   type = {Web Page}
}

@misc{NIPHE-2020,
   url = {https://www.rivm.nl/archief-weekrapportages-covid-19-in-nederland},
   year = {2020},
   type = {Government Document}
}

@article{Nelson-2020,
   author = {Nelson, Roxanne},
   title = {COVID-19 disrupts vaccine delivery},
   journal = {The Lancet. Infectious diseases},
   volume = {20},
   number = {5},
   pages = {546-546},
   DOI = {10.1016/S1473-3099(20)30304-2},
   url = {www.thelancet.com/infection},
   year = {2020},
   type = {Journal Article}
}

@article{O'Driscoll-2021,
   author = {O'Driscoll, M. and Ribeiro Dos Santos, G. and Wang, L. and Cummings, D. A. T. and Azman, A. S. and Paireau, J. and Fontanet, A. and Cauchemez, S. and Salje, H.},
   title = {Age-specific mortality and immunity patterns of SARS-CoV-2},
   journal = {Nature},
   volume = {590},
   number = {7844},
   pages = {140-145},
   ISSN = {1476-4687},
   DOI = {10.1038/s41586-020-2918-0},
   url = {https://www.ncbi.nlm.nih.gov/pubmed/33137809},
   year = {2021},
   type = {Journal Article}
}

@article{Pollán-2020,
   author = {Pollán, M. and Pérez-Gómez, B. and Pastor-Barriuso, R. and Oteo, J. and Pérez-Olmeda, M. and Yotti, R. and Group, ENE-COVID Study},
   title = {SARS-CoV-2 seroprevalence in Spain - Authors' reply},
   journal = {Lancet},
   volume = {396},
   number = {10261},
   pages = {1484-1485},
   ISSN = {1474-547X},
   DOI = {10.1016/S0140-6736(20)32266-2},
   url = {https://www.ncbi.nlm.nih.gov/pubmed/33160561},
   year = {2020},
   type = {Journal Article}
}

@article{Prem-2017,
   author = {Prem, K. and Cook, A. R. and Jit, M.},
   title = {Projecting social contact matrices in 152 countries using contact surveys and demographic data},
   journal = {PLoS Comput Biol},
   volume = {13},
   number = {9},
   pages = {e1005697},
   ISSN = {1553-7358},
   DOI = {10.1371/journal.pcbi.1005697},
   url = {https://www.ncbi.nlm.nih.gov/pubmed/28898249},
   year = {2017},
   type = {Journal Article}
}

@article{Prem-2020,
   author = {Prem, Kiesha and van Zandvoort, Kevin and Klepac, Petra and Eggo, Rosalind M. and Davies, Nicholas G. and Centre for the Mathematical Modelling of Infectious Diseases, Covid-Working Group and Cook, Alex R. and Jit, Mark},
   title = {Projecting contact matrices in 177 geographical regions: an update and comparison with empirical data for the COVID-19 era},
   journal = {medRxiv},
   pages = {2020.07.22.20159772},
   DOI = {10.1101/2020.07.22.20159772},
   url = {http://medrxiv.org/content/early/2020/07/28/2020.07.22.20159772.abstract},
   year = {2020},
   type = {Journal Article}
}

@article{Price-2020,
   author = {Price, David J. and Shearer, Freya M. and Meehan, Michael T. and McBryde, Emma and Moss, Robert and Golding, Nick and Conway, Eamon J. and Dawson, Peter and Cromer, Deborah and Wood, James and Abbott, Sam and McVernon, Jodie and McCaw, James M.},
   title = {Early analysis of the australian covid-19 epidemic},
   journal = {eLife},
   volume = {9},
   pages = {1-14},
   DOI = {10.7554/ELIFE.58785},
   year = {2020},
   type = {Journal Article}
}

@article{Pritchard-2020,
   author = {Pritchard, M. G. and Olliaro, P. L. and Group, ISARIC Clinical Characterisation},
   title = {Symptoms at presentation for patients admitted to hospital with Covid-19: results from the ISARIC prospective multinational observational study},
   journal = {medRxiv},
   DOI = {10.1101/2020.10.26.20219519},
   url = {https://www.ncbi.nlm.nih.gov/pubmed/33140062},
   year = {2020},
   type = {Journal Article}
}

@article{Qualls-2017,
   author = {Qualls, N. and Levitt, A. and Kanade, N. and Wright-Jegede, N. and Dopson, S. and Biggerstaff, M. and Reed, C. and Uzicanin, A.},
   title = {Community Mitigation Guidelines to Prevent Pandemic Influenza - United States, 2017},
   journal = {MMWR Recomm Rep},
   volume = {66},
   number = {1},
   pages = {1-34},
   ISSN = {1057-5987 (Print)
1057-5987},
   DOI = {10.15585/mmwr.rr6601a1},
   year = {2017},
   type = {Journal Article}
}

@article{Rashed-2020,
   author = {Rashed, Essam A. and Kodera, Sachiko and Gomez-Tames, Jose and Hirata, Akimasa},
   title = {Influence of absolute humidity, temperature and population density on COVID-19 spread and decay durations: Multi-prefecture study in Japan},
   journal = {International Journal of Environmental Research and Public Health},
   volume = {17},
   number = {15},
   pages = {1-14},
   DOI = {10.3390/ijerph17155354},
   url = {https://www.mdpi.com/1660-4601/17/15/5354},
   year = {2020},
   type = {Journal Article}
}

@article{Sah-2021,
   author = {Sah, Pratha and Fitzpatrick, Meagan C. and Zimmer, Charlotte F. and Abdollahi, Elaheh and Juden-Kelly, Lyndon and Moghadas, Seyed M. and Singer, Burton H. and Galvani, Alison P.},
   title = {Asymptomatic SARS-CoV-2 infection: A systematic review and meta-analysis},
   journal = {Proceedings of the National Academy of Sciences},
   volume = {118},
   number = {34},
   pages = {e2109229118},
   DOI = {10.1073/pnas.2109229118},
   url = {http://www.pnas.org/content/118/34/e2109229118.abstract},
   year = {2021},
   type = {Journal Article}
}

@article{Saul-2020,
   author = {Saul, A. and Scott, N. and Crabb, B. S. and Majumdar, S. S. and Coghlan, B. and Hellard, M. E.},
   title = {Victoria’s response to a resurgence of COVID-19 has averted 9,000-37,000 cases in July 2020},
   journal = {Medical Journal of Australia},
   url = {https://www.mja.com.au/journal/2020/victorias-response-resurgence-covid-19-has-averted-9000-37000-cases-july-2020},
   year = {2020},
   type = {Journal Article}
}

@article{Scott-2021,
   author = {Scott, Nick and Palmer, Anna and Delport, Dominic and Abeysuriya, Romesh and Stuart, Robyn M. and Kerr, Cliff C. and Mistry, Dina and Klein, Daniel J. and Sacks-Davis, Rachel and Heath, Katie and Hainsworth, Samuel W. and Pedrana, Alisa and Stoove, Mark and Wilson, David and Hellard, Margaret E.},
   title = {Modelling the impact of relaxing COVID-19 control measures during a period of low viral transmission},
   journal = {Medical Journal of Australia},
   volume = {214},
   number = {2},
   pages = {79-83},
   ISSN = {0025-729X},
   DOI = {https://doi.org/10.5694/mja2.50845},
   url = {https://doi.org/10.5694/mja2.50845},
   year = {2021},
   type = {Journal Article}
}

@article{Smith-2004,
   author = {Smith, David L. and Ellis McKenzie, F.},
   title = {Statics and dynamics of malaria infection in Anopheles mosquitoes},
   journal = {Malaria Journal},
   volume = {3},
   number = {1},
   pages = {13},
   ISSN = {1475-2875},
   DOI = {10.1186/1475-2875-3-13},
   url = {https://doi.org/10.1186/1475-2875-3-13},
   year = {2004},
   type = {Journal Article}
}

@article{Soltesz-2020,
   author = {Soltesz, Kristian and Gustafsson, Fredrik and Timpka, Toomas and Jaldén, Joakim and Jidling, Carl and Heimerson, Albin and Schön, Thomas B. and Spreco, Armin and Ekberg, Joakim and Dahlström, Örjan and Bagge Carlson, Fredrik and Jöud, Anna and Bernhardsson, Bo},
   title = {The effect of interventions on COVID-19},
   journal = {Nature},
   volume = {588},
   number = {7839},
   pages = {E26-E28},
   ISSN = {1476-4687},
   DOI = {10.1038/s41586-020-3025-y},
   url = {https://doi.org/10.1038/s41586-020-3025-y},
   year = {2020},
   type = {Journal Article}
}

@article{Trauer-2017,
   author = {Trauer, J. M. and Ragonnet, R. and Doan, T. N. and McBryde, E. S.},
   title = {Modular programming for tuberculosis control, the "AuTuMN" platform},
   journal = {BMC Infect Dis},
   volume = {17},
   number = {1},
   pages = {546},
   ISSN = {1471-2334},
   DOI = {10.1186/s12879-017-2648-6},
   url = {https://www.ncbi.nlm.nih.gov/pubmed/28784094},
   year = {2017},
   type = {Journal Article}
}

@article{Trauer-2017,
   author = {Trauer, James McCracken and Ragonnet, Romain and Doan, Tan Nhut and McBryde, Emma Sue},
   title = {Modular programming for tuberculosis control, the “AuTuMN” platform},
   journal = {BMC Infectious Diseases},
   volume = {17},
   number = {1},
   pages = {546},
   ISSN = {1471-2334},
   DOI = {10.1186/s12879-017-2648-6},
   url = {https://doi.org/10.1186/s12879-017-2648-6},
   year = {2017},
   type = {Journal Article}
}

@article{Trauer-2021,
   author = {Trauer, James M. and Williams, Bridget and Laemmle-Ruff, Ingrid and Horyniak, Danielle and Caplice, Lila V. Soares and McBryde, Emma S. and Majumdar, Suman S. and Graham, Stephen M. and Hellard, Margaret E.},
   title = {Tuberculosis in migrants to Australia: Outcomes of a national screening program},
   journal = {The Lancet Regional Health – Western Pacific},
   volume = {10},
   ISSN = {2666-6065},
   DOI = {10.1016/j.lanwpc.2021.100135},
   url = {https://doi.org/10.1016/j.lanwpc.2021.100135},
   year = {2021},
   type = {Journal Article}
}

@article{Verity-2020,
   author = {Verity, Robert and Okell, Lucy C. and Dorigatti, Ilaria and Winskill, Peter and Whittaker, Charles and Imai, Natsuko and Cuomo-Dannenburg, Gina and Thompson, Hayley and Walker, Patrick G. T. and Fu, Han and Dighe, Amy and Griffin, Jamie T. and Baguelin, Marc and Bhatia, Sangeeta and Boonyasiri, Adhiratha and Cori, Anne and Cucunubá, Zulma and FitzJohn, Rich and Gaythorpe, Katy and Green, Will and Hamlet, Arran and Hinsley, Wes and Laydon, Daniel and Nedjati-Gilani, Gemma and Riley, Steven and van Elsland, Sabine and Volz, Erik and Wang, Haowei and Wang, Yuanrong and Xi, Xiaoyue and Donnelly, Christl A. and Ghani, Azra C. and Ferguson, Neil M.},
   title = {Estimates of the severity of coronavirus disease 2019: a model-based analysis},
   journal = {The Lancet. Infectious diseases},
   volume = {0},
   number = {0},
   DOI = {10.1016/S1473-3099(20)30243-7},
   year = {2020},
   type = {Journal Article}
}

@article{Vlachos-2021,
   author = {Vlachos, Jonas and Hertegård, Edvin and Svaleryd, Helena B.},
   title = {The effects of school closures on SARS-CoV-2 among parents and teachers},
   journal = {Proceedings of the National Academy of Sciences of the United States of America},
   volume = {118},
   number = {9},
   DOI = {10.1073/pnas.2020834118},
   url = {https://www.pnas.org/lookup/suppl/},
   year = {2021},
   type = {Journal Article}
}

@article{Walker-2020,
   author = {Walker, Patrick G. T. and Whittaker, Charles and Watson, Oliver J. and Baguelin, Marc and Winskill, Peter and Hamlet, Arran and Djafaara, Bimandra A. and Cucunubá, Zulma and Olivera Mesa, Daniela and Green, Will and Thompson, Hayley and Nayagam, Shevanthi and Ainslie, Kylie E. C. and Bhatia, Sangeeta and Bhatt, Samir and Boonyasiri, Adhiratha and Boyd, Olivia and Brazeau, Nicholas F. and Cattarino, Lorenzo and Cuomo-Dannenburg, Gina and Dighe, Amy and Donnelly, Christl A. and Dorigatti, Ilaria and van Elsland, Sabine L. and FitzJohn, Rich and Fu, Han and Gaythorpe, Katy A. M. and Geidelberg, Lily and Grassly, Nicholas and Haw, David and Hayes, Sarah and Hinsley, Wes and Imai, Natsuko and Jorgensen, David and Knock, Edward and Laydon, Daniel and Mishra, Swapnil and Nedjati-Gilani, Gemma and Okell, Lucy C. and Unwin, H. Juliette and Verity, Robert and Vollmer, Michaela and Walters, Caroline E. and Wang, Haowei and Wang, Yuanrong and Xi, Xiaoyue and Lalloo, David G. and Ferguson, Neil M. and Ghani, Azra C.},
   title = {The impact of COVID-19 and strategies for mitigation and suppression in low- and middle-income countries},
   journal = {Science},
   volume = {369},
   number = {6502},
   pages = {413},
   DOI = {10.1126/science.abc0035},
   url = {http://science.sciencemag.org/content/369/6502/413.abstract},
   year = {2020},
   type = {Journal Article}
}

@article{Zhang-Science-2020,
   author = {Zhang, J. and Litvinova, M. and Liang, Y. and Wang, Y. and Wang, W. and Zhao, S. and Wu, Q. and Merler, S. and Viboud, C. and Vespignani, A. and Ajelli, M. and Yu, H.},
   title = {Changes in contact patterns shape the dynamics of the COVID-19 outbreak in China},
   journal = {Science},
   volume = {368},
   number = {6498},
   pages = {1481-1486},
   ISSN = {1095-9203},
   DOI = {10.1126/science.abb8001},
   url = {https://www.ncbi.nlm.nih.gov/pubmed/32350060},
   year = {2020},
   type = {Journal Article}
}

@article{Zhang-Lancet-2020,
   author = {Zhang, J. and Litvinova, M. and Wang, W. and Wang, Y. and Deng, X. and Chen, X. and Li, M. and Zheng, W. and Yi, L. and Wu, Q. and Liang, Y. and Wang, X. and Yang, J. and Sun, K. and Longini, I. M. and Halloran, M. E. and Wu, P. and Cowling, B. J. and Merler, S. and Viboud, C. and Vespignani, A. and Ajelli, M. and Yu, H.},
   title = {Evolving epidemiology and transmission dynamics of coronavirus disease 2019 outside Hubei province, China: a descriptive and modelling study},
   journal = {Lancet Infect Dis},
   volume = {20},
   number = {7},
   pages = {793-802},
   ISSN = {1474-4457},
   DOI = {10.1016/S1473-3099(20)30230-9},
   url = {https://www.ncbi.nlm.nih.gov/pubmed/32247326},
   year = {2020},
   type = {Journal Article}
}

@article{Zhang-Innovation-2020,
   author = {Zhang, Lei and Tao, Yusha and Zhuang, Guihua and Fairley, Christopher K.},
   title = {Characteristics Analysis and Implications on the COVID-19 Reopening of Victoria, Australia},
   journal = {The Innovation},
   volume = {1},
   number = {3},
   pages = {100049-100049},
   DOI = {10.1016/j.xinn.2020.100049},
   url = {/pmc/articles/PMC7527351/
https://www.ncbi.nlm.nih.gov/pmc/articles/PMC7527351/},
   year = {2020},
   type = {Journal Article}
}

@article{Zhang-NAS-2020,
   author = {Zhang, Renyi and Li, Yixin and Zhang, Annie L. and Wang, Yuan and Molina, Mario J.},
   title = {Identifying airborne transmission as the dominant route for the spread of COVID-19},
   journal = {Proceedings of the National Academy of Sciences of the United States of America},
   volume = {117},
   number = {26},
   pages = {14857-14863},
   DOI = {10.1073/pnas.2009637117},
   url = {www.pnas.org/cgi/doi/10.1073/pnas.2009637117},
   year = {2020},
   type = {Journal Article}
}

